3214 5024
632 405 944 507 ..ly-⁹

154 614 258 695 poeta
283 602 315 664 in
340 602 461 686 prioris
486 601 788 686 argumentationis
812 612 911 686 parte
936 601 1005 683 (vv.
1027 601 1099 678 187,
1126 599 1257 687 88194,
1276 599 1352 688 95]v

154 711 255 788 —90l
291 709 393 772 docet
416 707 587 785 flammas,
613 728 689 772 cum
721 729 764 771 ex
788 709 901 793 aliqua
925 730 961 771 re
987 708 1036 791 (ut
1060 730 1103 771 ex
1128 710 1252 795 lychno
1276 709 1330 771 vel

154 817 259 880 taeda
294 817 348 880 vel
380 817 445 879 alia
476 816 639 879 eiusmodi
671 820 720 896 re)
752 837 883 878 sursum
916 837 1034 879 versus
1066 817 1211 879 emicant
1240 831 1274 879 et
1299 817 1331 879 in

153 924 300 987 eandem
325 923 534 986 altitudinem
559 944 694 1007 semper
722 923 888 999 exsiliunt,
913 922 946 985 id
971 945 1036 985 non
1062 944 1124 986 sua
1147 923 1181 985 vi
1205 922 1329 1010 facere,

155 1031 216 1094 sed
240 1042 435 1116 propterea,
460 1029 553 1115 quod
570 1051 613 1092 ex
629 1051 677 1106 re,
701 1051 789 1114 quae
807 1041 986 1105 crematur,
1012 1031 1218 1113 emittuntur,
1243 1052 1332 1094 sern-

155 1159 285 1222 perque
319 1159 362 1200 ex
394 1159 434 1201 ea
467 1138 610 1203 aluntur.
659 1135 715 1199 Ad
741 1159 843 1222 quam
869 1159 940 1200 rem
966 1137 1331 1222 magisillustrandam

155 1245 260 1308 affert
284 1245 560 1330 comparationes
583 1266 602 1307 a
625 1245 790 1329 sanguine
820 1257 854 1308 et
878 1267 897 1307 a
922 1244 1094 1330 segetibus
1117 1244 1332 1330 arbustisque

157 1353 331 1436 repetitas,
379 1351 511 1415 Deinde
542 1373 645 1428 vero,
670 1373 748 1416 cum
778 1350 954 1428 fiammae,
979 1374 1066 1437 quae
1095 1352 1233 1416 domurn
1259 1374 1332 1415 cre-

157 1471 261 1535 mant,
286 1458 384 1525 altius
408 1459 576 1544 altiusque
599 1457 778 1522 subsiliant
801 1460 846 1522 ad
871 1460 942 1523 eius
958 1471 1096 1542 tectum,
1122 1481 1164 1522 ne
1181 1461 1256 1546 quis
1274 1482 1332 1523 eas

156 1578 305 1651 „sponte
352 1587 412 1629 sua
452 1565 566 1630 facere
605 1565 642 1629 id
682 1568 753 1629 sine
794 1567 825 1628 vi
864 1566 1065 1651 subigente“
1105 1579 1219 1651 putet,
1266 1568 1332 1630 hoc

157 1674 225 1757 (vv.
255 1674 443 1754 191-205)
468 1695 547 1736 aere
571 1673 645 1736 fieri·
667 1674 788 1747 docet;
813 1674 906 1759 quod
930 1674 1104 1759 aptissimo
1129 1674 1286 1759 exemplo
1311 1697 1332 1738 a

157 1782 258 1868 tignis
282 1780 504 1867 trabibusque
534 1794 669 1866 sumpto
693 1781 828 1866 probat.
875 1780 1060 1867 Utriusque
1084 1795 1218 1858 autem,
1242 1804 1331 1868 quae

156 1890 223 1952 hoc
256 1887 358 1951 modo
391 1889 513 1965 oritur,
545 1888 844 1953 demonstrationis
876 1888 978 1951 finem
1010 1890 1095 1953 facit
1125 1890 1233 1954 isdem
1257 1890 1331 1953 t'ere

157 1995 288 2072 verbis,
327 1995 419 2081 quod
457 2017 520 2080 per
559 2017 596 2059 se
634 1996 788 2080 pondera
827 1997 939 2059 omnia
978 1997 1137 2060 deorsum
1176 1999 1332 2062 terantur
1380 2085 1381 2088 Ἴ

156 2105 202 2186 (v.
224 2103 295 2179 190,
309 2102 398 2184 205).

190 2240 194 2247 “
265 2228 451 2291 Videamus
468 2250 568 2305 nunc,
593 2229 765 2313 quomodo
782 2230 820 2292 iis
843 2230 938 2305 locis
963 2229 1085 2315 quibus
1110 2253 1176 2294 una
1200 2242 1332 2294 tantum

156 2335 371 2420 comparatio
398 2335 547 2399 adhibita
572 2348 632 2411 est,
656 2336 742 2400 haec
759 2337 948 2407 consentiat
973 2358 1049 2401 curn
1067 2360 1103 2401 re
1124 2350 1332 2423 comparata.

156 2442 249 2505 Tum
275 2443 363 2505 enim
388 2454 482 2506 recte
507 2443 594 2507 inter
617 2465 653 2506 se
675 2445 884 2528 respondent
895 2445 954 2508 ‘res
972 2458 1173 2531 comparata
1190 2458 1224 2509 et
1241 2467 1333 2510 corn-

157 2551 300 2635 parati0‚
326 2571 402 2614 cum
427 2551 578 2636 singulae
605 2552 651 2614 rei
677 2564 897 2637 comparatae
922 2566 1038 2636 partes
1061 2566 1221 2617 accurate
1246 2555 1334 2618 rela-

158 2670 212 2721 tae
248 2669 325 2720 sunt
360 2658 405 2721 ad
440 2659 589 2743 singulas
625 2660 889 2744 comparationis
925 2673 1047 2745 partes,
1099 2659 1170 2724 Sed
1206 2674 1243 2724 ut
1279 2662 1332 2725 alii

157 2777 299 2849 poetae,
323 2766 380 2851 qui
415 2766 686 2848 comparationes
712 2767 743 2829 in
768 2767 973 2831 carminibus
997 2767 1241 2845 adhibuerunt,
1266 2791 1331 2833 non

100 2890 103 2894 ·
156 2873 255 2934 nimis
288 2871 466 2957 diligenter
498 2873 532 2935 id
564 2885 724 2958 egerunt,
756 2885 792 2936 ut
826 2875 858 2936 in
883 2875 1039 2939 omnibus
1062 2876 1218 2960 partibus
1241 2897 1334 2940 com-

157 2980 291 3064 paratio
326 2992 531 3064 congrueret
566 2981 612 3043 rei
645 2995 885 3066 comparatae,
916 2983 963 3045 ita
986 2984 1165 3048 Lucretius
1196 3004 1333 3069 quoque

157 3086 325 3149 nonnullis
349 3086 431 3149 locis
455 3086 590 3160 liberius
614 3088 647 3150 in
671 3089 736 3152 hac
761 3110 796 3151 re
822 3101 977 3152 versatus
1002 3103 1062 3153 est.
1113 3088 1331 3176 Quamquam

158 3193 260 3279 longe
293 3194 456 3279 plurimae
493 3196 766 3279 comparationes
797 3197 891 3281 apud
915 3218 991 3259 eum
1015 3188 1216 3282 propterea,
1241 3197 1334 3283 quod

158 3313 193 3364 et
217 3300 261 3364 ad
285 3322 356 3364 rem
380 3302 678 3365 demonstrandam
702 3303 865 3388 imprimis
889 3303 1063 3368 adhibitae
1084 3318 1161 3368 sunt
1178 3316 1212 3368 et
1229 3306 1334 3368 maxi-

158 3429 249 3471 mam
266 3421 399 3492 partem
417 3430 606 3494 paucorum
624 3421 753 3473 tantum
772 3432 930 3474 versuum
947 3412 1090 3476 circuitu
1108 3413 1334 3489 continentur,

159 3514 248 3579 bene
274 3536 351 3579 cum
375 3515 478 3580 rebus
502 3519 707 3602 comparatis
731 3531 933 3604 congruunt.

267 3641 320 3705 Ac
354 3642 500 3726 primum
534 3662 577 3705 ex
609 3643 647 3706 iis
677 3645 1010 3729 comparationibuS,
1038 3646 1069 3708 in
1096 3645 1217 3729 quibus
1243 3658 1335 3709 recte

159 3748 247 3812 inter
279 3770 316 3812 se
347 3749 555 3835 respondent
590 3771 642 3813 res
670 3764 869 3836 comparata
894 3764 926 3816 et
951 3753 1182 3837 comparatio,
1206 3774 1335 3838 paucas
1430 3820 1432 3825 ,

157 3856 304 3919 afferam
321 3857 552 3943 imprimisque
570 3878 638 3934 eaS‚
655 3857 698 3921 de
716 3858 838 3942 quibus
856 3860 1086 3937 emendandis,
1111 3881 1189 3924 cum
1205 3881 1335 3936 versus,

156 3962 281 4048 quibus
306 3967 582 4048 comparationes
607 3966 840 4043 continentur,
865 3988 932 4031 non
963 3987 1079 4031 omnes
1104 3980 1197 4032 recte
1222 3967 1336 4032 traditi

155 4071 236 4148 sint,
260 4072 322 4133 viri
347 4072 439 4136 docti
464 4072 551 4135 inter
574 4093 611 4135 se
635 4072 844 4137 dissentiunt,

266 4178 397 4242 111408
418 4201 490 4265 sqq.
522 4178 705 4244 Lucretius
719 4182 866 4245 animum
891 4183 1195 4267 „dominantiorem
1219 4183 1264 4246 ad
1289 4186 1337 4246 vi·

160 4292 250 4348 tam“
276 4285 489 4350 demonstrat
505 4308 579 4351 esse
597 4310 698 4372 quam
715 4290 875 4352 animam:
900 4312 977 4353 nam
993 4291 1065 4353 sine
1081 4290 1194 4354 animo
1211 4290 1336 4354 nullam

160 4404 294 4477 partem
326 4394 459 4459 animae
493 4395 526 4457 in
559 4394 720 4459 membris
748 4396 896 4460 residere
920 4418 1021 4482 posse
1047 4396 1112 4481 (vo.
1131 4398 1335 4479 398--40n3
