3214 5024
640 375 852 438 -15-

153 576 216 640 sed
250 596 315 660 per
347 596 384 639 se
415 574 575 639 deorsum
601 572 702 637 cadit.
747 571 930 656 Lucretius
953 584 1067 636 autem
1091 571 1210 635 similia
1234 591 1339 657 quam

155 683 302 746 maxime
334 682 596 746 accommodare
629 679 715 744 solet
745 680 790 742 ad
824 700 881 742 eas
912 700 983 756 res,
1009 699 1094 764 quas
1118 679 1157 743 iis
1184 678 1339 755 illustrat,

157 790 193 853 id
218 789 310 875 quod
335 789 496 874 imprimis
521 808 661 852 necesse
685 797 758 850 erat
781 787 847 851 hoc
872 787 959 863 loco,
984 807 1052 872 quo
1077 798 1191 870 poeta,
1217 806 1339 870 quare

157 897 272 960 coacti
296 897 392 982 ignes
417 896 461 959 ad
486 906 578 960 tecta
603 893 805 970 subsilirent,
829 894 978 958 nondum
1000 893 1096 970 dixit,
1122 893 1185 957 sed
1201 913 1340 977 compa-

157 1003 346 1067 rationibus
371 1004 525 1089 legentes
557 1022 598 1065 eo
622 1000 795 1065 adducere
819 1000 953 1077 studet,
977 1012 1034 1077 ut,
1059 1002 1087 1064 si
1110 1021 1178 1064 non
1203 1000 1267 1085 ipsi
1291 1000 1341 1061 in·

158 1111 307 1196 veniant,
332 1131 436 1196 quam
454 1108 498 1173 ob
516 1130 588 1172 rem
604 1107 685 1171 illud
702 1108 773 1184 fiat,
796 1119 832 1171 at
848 1129 899 1184 ea,
925 1129 1027 1195 quam
1044 1106 1185 1193 profert,
1209 1108 1340 1171 ratione

157 1217 238 1281 illud
262 1217 334 1281 fieri
358 1239 400 1281 eo
425 1217 559 1281 facilius
588 1215 798 1300 intellegant.
839 1213 963 1301 Neque
987 1237 1070 1278 vero
1095 1214 1182 1278 bene
1207 1215 1257 1277 vis
1281 1234 1341 1279 oc-

154 1326 272 1402 culta,
296 1346 365 1411 qua
389 1323 547 1388 fiammae
572 1323 757 1387 escendere
783 1335 967 1409 coguntur,
992 1322 1178 1386 illustratur
1201 1323 1266 1386 hac
1291 1322 1340 1385 in-

157 1433 282 1495 testina
315 1432 469 1517 corporis
499 1431 547 1507 vi,
572 1453 639 1517 qua
663 1431 801 1516 sanguis
825 1431 858 1493 in
883 1430 988 1493 altum
1011 1430 1168 1515 pellitur,
1193 1451 1272 1494 cum
1296 1451 1338 1493 ne

162 1539 236 1623 ipsa
262 1539 398 1623 quidem
430 1539 535 1602 videri
560 1538 674 1623 possit.
721 1537 855 1601 Deinde
879 1559 983 1601 aurae
1006 1537 1158 1622 undique
1183 1537 1338 1601 flammas

155 1646 371 1711 circumdant
406 1666 516 1730 neque
553 1646 661 1708 solum
697 1644 740 1707 ab
781 1645 939 1708 inferiore
971 1657 1069 1730 parte
1105 1666 1163 1707 eas
1196 1645 1338 1735 pellunt,

156 1766 275 1817 contra
305 1753 444 1838 sanguis
478 1774 610 1816 sursum
644 1752 797 1835 pulsatur
828 1774 894 1816 una
928 1753 1087 1816 intestina
1119 1752 1272 1836 corporis
1297 1753 1338 1817 vl.

159 1860 316 1945 Denique
350 1860 423 1944 ipsa
455 1860 665 1944 comparatio
699 1859 744 1922 ad
775 1881 846 1922 rem
877 1875 1111 1944 comparatam
1136 1880 1256 1943 parum
1282 1880 1341 1924 ac-

160 1967 376 2030 commodata
407 1978 475 2041 est,
501 1988 578 2030 cum
609 1965 767 2030 fiammae
792 1967 885 2052 tigna
910 1967 1092 2052 trabesque
1118 1967 1339 2052 degustantes

158 2074 257 2137 altius
281 2074 448 2159 altiusque
473 2074 671 2149 succedant,
695 2076 832 2159 sanguis
857 2088 971 2137 autem
988 2095 1031 2137 ex
1048 2073 1168 2137 eadem
1185 2074 1339 2159 corporis

156 2192 255 2265 parte
280 2201 417 2265 semper
441 2181 473 2242 in
499 2181 644 2243 eandem
668 2180 879 2244 altitudinem
905 2182 1038 2244 emicet.

265 2286 384 2362 Quare
409 2308 486 2350 cum
511 2288 576 2349 hoc
600 2287 759 2372 exemplo
778 2292 845 2368 (vv.
867 2289 938 2364 194,
958 2290 990 2369 5)
1008 2309 1075 2351 non
1094 2301 1185 2373 apte,
1211 2288 1339 2372 optime

158 2416 261 2471 vero,
295 2405 332 2457 ut
356 2394 520 2470 vidimus,
546 2394 721 2479 exemplu,
746 2395 840 2480 quod
872 2418 926 2457 vv.
949 2396 1008 2459 191)
1025 2417 1099 2481 sqq.
1130 2406 1260 2471 exstat,
1284 2416 1338 2457 res

158 2490 357 2586 comparata¹
382 2501 574 2578 illustretur,
599 2501 691 2565 haud
715 2503 786 2565 scio
810 2525 853 2565 an
871 2502 1053 2566 Lucretius
1077 2504 1141 2566 hoc
1159 2503 1236 2566 loco
1254 2503 1339 2566 duas

158 2610 436 2693 comparationes
461 2610 604 2672 omnino
621 2630 688 2672 non
712 2611 871 2694 posuerit.
911 2609 1035 2673 Melius
1059 2623 1172 2673 autem
1190 2633 1243 2672 vv.
1267 2611 1339 2686 194,

165 2716 225 2779 195
250 2716 316 2779 alio
340 2716 416 2779 loco
441 2717 542 2797 (inter
566 2739 594 2780 v.
624 2717 684 2779 188
703 2729 737 2779 et
757 2717 834 2799 189)
859 2718 1028 2802 quadrare
1053 2716 1221 2793 videntur,
1246 2717 1340 2801 quod

162 2834 235 2886 toto
259 2824 326 2887 hoc
352 2822 428 2887 loco
453 2824 531 2886 inde
556 2845 576 2886 a
603 2845 701 2887 versu
730 2824 790 2885 184
815 2825 1032 2888 considerato
1057 2822 1274 2890 videbimus'

268 2928 450 2994 Lucretius
486 2931 593 3008 enlm,
631 2944 666 2994 ut
701 2931 826 2994 nullam
862 2953 934 2995 rem
971 2953 1173 3016 corpoream
1210 2954 1270 2995 sua
1307 2932 1339 2995 vi

64 3082 67 3089 ·
158 3058 294 3100 sursum
318 3038 400 3100 ferri
426 3037 561 3115 doceat,
585 3038 738 3101 flammas
762 3059 898 3124 quoque
923 3060 990 3102 non
1007 3061 1068 3102 sua
1085 3052 1206 3124 sponte
1223 3060 1338 3103 meare

157 3143 380 3208 demonstrat.
430 3145 484 3208 Ac
517 3146 662 3230 primum
692 3147 796 3231 pecta
827 3147 976 3210 ostendit
1000 3155 1044 3228 (v.
1067 3147 1127 3209 188
1145 3145 1252 3233 sqq),
1279 3168 1339 3210 cur

159 3252 320 3315 flammae
345 3273 480 3316 sursum
504 3275 623 3317 versus
639 3254 824 3339 gignantur
840 3267 873 3318 et
890 3255 1050 3341 augmina
1066 3266 1208 3319 sumant.
1248 3252 1339 3317 Nam

160 3371 238 3444 post
261 3382 293 3425 v.
316 3360 374 3422 188
401 3373 589 3446 sequuntur
612 3362 698 3426 haec

285 3477 330 3547 ‚et
354 3487 486 3530 sursum
511 3468 636 3532 nitidae
660 3469 778 3554 fruges
802 3469 1021 3555 arbustaque,
1046 3478 1215 3533 crescunt‘

159 3572 204 3636 de
230 3595 300 3659 quo
325 3594 427 3637 versu
451 3576 554 3659 paulo
570 3577 762 3640 accuratius
779 3576 1020 3661 disputandum
1046 3592 1106 3640 est.
1142 3576 1195 3640 Eo
1212 3577 1339 3661 primus

161 3679 482 3763 winkelmannus1)
514 3683 668 3747 offensus
703 3695 772 3760 est,
796 3685 854 3769 qui
886 3685 972 3748 haec
1005 3683 1129 3760 verba,
1160 3684 1223 3747 nisi
1247 3704 1340 3747 com-

160 3788 346 3872 parationis
378 3789 455 3852 loco
487 3803 617 3867 essent,
641 3792 751 3854 aliena
782 3791 826 3855 ab
856 3792 911 3855 illo
936 3794 1180 3856 sententiarum
1205 3812 1340 3856 conexu

162 3915 234 3958 esse
259 3894 423 3960 intellexit
447 3910 700 3984 proptereaque
725 3906 802 3975 ‚,et“
836 3900 978 3963 mutavit
1010 3899 1043 3961 in
1069 3907 1158 3982 ‚,ut“.
1205 3898 1339 3962 Deinde

61 4052 67 4066 .
161 3992 381 4088 Briegerus2)
416 4024 458 4067 ne
491 4007 754 4091 comparationis
782 4008 919 4094 quidem
944 4008 1020 4071 loco
1044 4008 1131 4071 haec
1155 4005 1260 4070 verba
1284 4007 1339 4071 hic

162 4107 241 4172 ferri
272 4130 373 4193 posse
406 4114 558 4190 censuit,
602 4135 697 4191 cum,
732 4136 833 4200 quam
867 4115 911 4179 ob
944 4136 1082 4180 causam
1115 4113 1272 4178 fiammae
1307 4115 1339 4178 iu

222 4309 249 4372 1)
270 4306 409 4374 ‘Beitrltge
428 4324 476 4361 zur
495 4308 587 4362 Kritik
608 4309 656 4363 des
674 4309 782 4364 Lucret.
802 4310 958 4364 Salzwedel.
979 4326 1002 4364 a.
1023 4309 1100 4365 1857‘
1119 4326 1144 4376 p.
1160 4312 1201 4364 10.

221 4399 249 4460 2)
270 4395 353 4464 plilol.
368 4396 463 4451 XXIII
481 4415 507 4465 p.
520 4398 582 4454 433.
