3214 5024
673 416 895 486 ..7-

196 625 356 678 ornatum
380 612 616 676 tantummodo
640 612 741 688 dant,
771 632 838 675 non
868 610 945 695 plus
975 610 1094 676 decem
1119 622 1272 695 exstant,
1297 632 1375 675 cum

200 720 242 784 45
267 720 438 805 simplices
469 718 641 784 adhibitae
666 719 748 795 sint,
782 739 870 804 quae
894 719 1002 782 omnis
1027 731 1166 781 ornatus
1191 717 1375 784 verborum

200 839 362 912 expertes
397 849 464 891 uno
499 827 573 890 fere
608 826 714 890 verbo
740 825 974 901 continentur,
1008 825 1054 888 ita
1086 835 1122 887 ut
1150 825 1210 888 108
1236 836 1375 903 restent,

198 956 289 1020 quae
325 934 475 999 breviter
510 934 610 1011 illud,
641 933 686 996 ad
724 933 817 1018 quod
852 933 1032 1017 appositae
1067 945 1161 1008 sunt,
1196 932 1375 997 illustrant.

202 1040 303 1117 Quae
328 1062 381 1107 res
405 1042 480 1126 ipsa
505 1062 642 1127 quoque
665 1039 871 1104 documento
896 1051 947 1103 est
971 1039 1016 1102 ad
1040 1060 1106 1115 res,
1131 1060 1219 1125 quae
1237 1040 1375 1104 demon·

199 1161 366 1231 strantur,
404 1148 621 1213 dilucidiores
665 1146 842 1212 faciendas
892 1146 1054 1231 imprimis
1101 1148 1376 1231 comparationes

201 1268 383 1342 usurpatas
407 1276 482 1319 esse
517 1278 537 1319 a
571 1266 692 1339 poeta;
716 1275 794 1317 nam
826 1254 853 1317 si
885 1254 1018 1317 ornatui
1049 1253 1162 1337 potius
1186 1254 1376 1318 destinatae

200 1377 336 1440 essent,
370 1374 462 1427 certe
498 1383 566 1426 non
602 1373 653 1425 tot
677 1358 947 1424 similitudinibus
970 1359 1034 1423 flos
1059 1361 1198 1446 quidam
1223 1374 1257 1425 et
1282 1361 1377 1427 color

200 1471 365 1535 orationis
390 1470 526 1534 omnino
551 1469 694 1534 deesset.

309 1577 410 1653 Quae
457 1577 730 1662 comparationes
772 1576 805 1639 in
841 1576 991 1661 singulos
1026 1575 1129 1639 libros
1171 1577 1238 1639 hoc
1273 1576 1376 1641 modo
1437 1600 1439 1604 “

200 1685 400 1770 dispertitae
425 1697 513 1761 sunt,
538 1696 575 1746 ut
599 1683 684 1747 liber
706 1684 833 1767 primus
851 1684 900 1760 12,
925 1684 1096 1746 secundus
1114 1684 1168 1760 27,
1192 1684 1310 1746 tertius
1323 1684 1376 1759 34,

202 1804 342 1878 quartus
363 1792 417 1868 23,
450 1791 587 1877 quintus
609 1789 663 1866 27,
694 1803 810 1853 sextus
832 1790 876 1854 40
909 1791 1092 1853 contineat.
1140 1790 1186 1853 Et
1217 1791 1376 1875 quoniam

201 1919 360 1963 numerus
392 1919 549 1961 versuum
581 1898 613 1960 in
645 1898 755 1982 primo
787 1896 874 1960 libro
906 1896 977 1961 fere
1009 1897 1099 1960 idem
1133 1909 1184 1962 est
1215 1909 1319 1982 atque
1344 1898 1377 1960 in

202 2005 358 2091 reliquis,
392 2017 538 2090 apparet
568 2005 732 2068 minorem
763 2004 855 2067 illum
884 2005 1177 2089 comparationum
1202 2025 1377 2068 numerum

199 2134 245 2176 ex
270 2124 390 2175 natura
415 2134 542 2189 rerum,
577 2133 665 2198 quae
691 2123 878 2189 taetantur,
906 2112 1128 2195 repetendum
1154 2132 1238 2176 esse.
1286 2111 1376 2176 Nam

123 2240 126 2245 ’
202 2240 280 2283 cum
305 2232 396 2283 totus
422 2218 491 2281 sere
516 2219 600 2281 liber
623 2219 752 2303 primus
777 2231 932 2281 versetur
956 2219 989 2280 in
1013 2218 1170 2283 doctrina
1195 2217 1238 2282 de
1255 2220 1377 2282 atomis

202 2339 237 2390 et
261 2327 350 2389 inani
373 2326 493 2410 spatio,
519 2324 641 2411 quibus
666 2325 797 2388 duabus
822 2324 924 2388 rebus
948 2327 1060 2389 omnia
1084 2339 1261 2403 creantur,
1286 2339 1320 2389 et
1344 2327 1377 2389 in

202 2432 390 2497 refutandis
421 2433 562 2496 aliorum
595 2433 874 2517 philosophorum
910 2433 951 2496 de
974 2433 1168 2517 primordiis
1192 2435 1377 2511 sententiis,

202 2540 391 2605 illustrandi
423 2562 491 2603 non
521 2540 634 2624 ampla
666 2540 802 2604 occasio
836 2540 990 2604 dabatur.
1038 2540 1171 2604 Eadem
1195 2541 1237 2606 de
1262 2562 1377 2618 causa,

201 2670 271 2734 qua
294 2648 349 2712 hic
374 2648 539 2723 minimus,
563 2647 730 2710 maximus
754 2648 1045 2731 comparationum
1069 2668 1238 2724 numerus,
1262 2649 1319 2733 qui
1344 2648 1378 2712 in

203 2755 303 2817 tertio
328 2766 362 2816 et
385 2768 483 2819 sexto
507 2754 594 2818 libro
618 2754 798 2830 invenitur,
824 2754 968 2817 debetur
1001 2755 1102 2818 rebus
1133 2754 1178 2818 ibi
1212 2756 1376 2820 tractatis

287 2877 346 2941 Ad
358 2899 534 2940 numerum
547 2899 718 2954 versuum,
732 2877 854 2963 quibus
863 2880 1138 2963 comparationes
1152 2881 1378 2958 continentur,

201 2987 230 3049 si
253 2997 462 3069 spectamus,
486 2984 587 3070 longe
604 2984 766 3070 plurimas
783 2998 946 3048 constare
958 2986 1146 3050 invenimus
1164 3009 1206 3050 ex
1224 2987 1378 3052 versibus

202 3103 366 3178 quattuor
412 3104 470 3156 aut
510 3091 737 3177 paucioribus.
781 3091 950 3156 Maiorem
997 3114 1155 3157 versuum
1201 3093 1378 3159 circuitum

202 3199 329 3263 habent
364 3200 398 3262 hi
433 3200 517 3264 loci:
555 3200 704 3286 quinque
743 3220 862 3263 versus
896 3199 1135 3278 habetV540,
1159 3223 1220 3264 sex
1251 3202 1378 3266 habent

202 3306 308 3377 11317
344 3307 481 3384 111832,
513 3307 751 3392 septeml936
782 3306 908 3391 11114,
939 3309 1010 3384 196,
1045 3308 1120 3385 688,
1153 3310 1214 3380 847
1251 3309 1378 3374 117513

203 3413 316 3477 vesu
354 3414 491 3491 171109,
526 3427 606 3479 octo
643 3413 749 3478 11552
785 3414 907 3478 111408
944 3415 1067 3486 117271
1107 3416 1230 3495 17294,
1254 3438 1377 3482 novem

202 3521 292 3584 1281
319 3521 450 3586 111013
475 3523 596 3587 decem
619 3522 728 3588 11323
753 3521 894 3586 171555.

308 3647 380 3711 Iam
390 3659 427 3712 ut
443 3647 488 3711 ad
498 3648 591 3732 ipsas
606 3648 1170 3732 comparationescontemplandas
1183 3649 1376 3735 aggrediar,

203 3776 275 3819 rem
299 3756 345 3818 ita
369 3755 552 3831 instituam,
577 3767 614 3819 ut
637 3756 793 3840 primum,
817 3755 907 3819 unde
932 3756 1204 3840 comparationes
1221 3744 1378 3841 sumpta'e
1472 3760 1475 3765 “

203 3862 280 3947 sint,
305 3862 523 3947 inquiramus,
548 3861 682 3939 deinde,
706 3861 751 3926 ad
776 3883 861 3948 quas
885 3863 1047 3947 imprimis
1078 3884 1133 3927 res
1164 3863 1378 3928 illustrandas

203 3968 442 4045 adhibeantur,
467 3968 654 4045 videamus,
678 3982 760 4045 turn,
785 3970 958 4054 quomodo
983 3970 1069 4034 inter
1092 3990 1130 4033 se
1148 3970 1379 4054 respondeant

204 4096 259 4141 res
273 4087 474 4161 comparata
488 4087 522 4139 et
534 4076 757 4160 comparatio,
770 4096 1030 4162 cognoscamus
1039 4077 1200 4163 denique,
1210 4099 1378 4164 quaenam

198 4203 248 4246 vex
281 4183 320 4247 iis
351 4181 682 4268 comparationibus,
714 4204 802 4269 quae
834 4205 901 4248 non
933 4205 1018 4262 uno,
1050 4184 1112 4248 sed
1147 4183 1378 4270 compluribus

203 4289 286 4353 locis
310 4303 456 4367 exstant,
481 4303 539 4355 aut
562 4313 583 4355 a
606 4291 769 4356 Lucretio
786 4292 860 4377 ipso
877 4293 1024 4377 scriptae
1045 4304 1103 4357 aut
1126 4292 1379 4378 interpolationi

198 4395 404 4461 ‘tribuendae
428 4399 606 4463 videantur
629 4420 715 4476 esse,
740 4420 959 4484 exponamus.
