<?xml version="1.0" encoding="UTF-8"?>
<!DOCTYPE html PUBLIC "-//W3C//DTD XHTML 1.0 Transitional//EN"
    "http://www.w3.org/TR/xhtml1/DTD/xhtml1-transitional.dtd">
<html xmlns="http://www.w3.org/1999/xhtml" xml:lang="en" lang="en">
 <head>
  <title>
</title>
<meta http-equiv="Content-Type" content="text/html;charset=utf-8" />
  <meta name='ocr-system' content='tesseract 3.04.00' />
  <meta name='ocr-capabilities' content='ocr_page ocr_carea ocr_par ocr_line ocrx_word'/>
</head>
<body>
  <div class='ocr_page' id='page_1' title='image "./decomparationib00carugoog_0037.png"; bbox 0 0 3214 5024; ppageno 0'>
   <div class='ocr_carea' id='block_1_1' title="bbox 753 388 973 449">
    <p class='ocr_par' dir='ltr' id='par_1_1' title="bbox 753 388 973 449">
     <span class='ocr_line' id='line_1_1' title="bbox 753 388 973 449; baseline -0.005 -16"><span class='ocrx_word' id='word_1_1' title='bbox 753 388 973 449; x_wconf 75' lang='lat'>...32-</span> 
     </span>
    </p>
   </div>
   <div class='ocr_carea' id='block_1_2' title="bbox 187 581 1455 3781">
    <p class='ocr_par' dir='ltr' id='par_1_2' title="bbox 259 581 1454 757">
     <span class='ocr_line' id='line_1_2' title="bbox 276 581 1454 669; baseline 0.003 -24"><span class='ocrx_word' id='word_1_2' title='bbox 276 581 475 646; x_wconf 90' lang='lat' dir='ltr'>Lucretium</span> <span class='ocrx_word' id='word_1_3' title='bbox 499 584 550 647; x_wconf 91' lang='lat' dir='ltr'>his</span> <span class='ocrx_word' id='word_1_4' title='bbox 575 582 729 647; x_wconf 76' lang='lat' dir='ltr'>versibus</span> <span class='ocrx_word' id='word_1_5' title='bbox 753 604 819 646; x_wconf 90' lang='lat' dir='ltr'>non</span> <span class='ocrx_word' id='word_1_6' title='bbox 840 604 877 647; x_wconf 90' lang='lat' dir='ltr'>se</span> <span class='ocrx_word' id='word_1_7' title='bbox 894 583 1003 669; x_wconf 90' lang='lat' dir='ltr'>ipsum</span> <span class='ocrx_word' id='word_1_8' title='bbox 1018 583 1081 647; x_wconf 90' lang='lat' dir='ltr'>sed</span> <span class='ocrx_word' id='word_1_9' title='bbox 1097 584 1295 669; x_wconf 83' lang='lat' dir='ltr'>magistrum</span> <span class='ocrx_word' id='word_1_10' title='bbox 1313 583 1454 648; x_wconf 90' lang='lat' dir='ltr'>laudare</span> 
     </span>
     <span class='ocr_line' id='line_1_3' title="bbox 259 691 486 757; baseline 0.013 -4"><span class='ocrx_word' id='word_1_11' title='bbox 259 702 370 754; x_wconf 82' lang='lat' dir='ltr'>‘recte</span> <span class='ocrx_word' id='word_1_12' title='bbox 395 691 486 757; x_wconf 85' lang='lat' dir='ltr'>di&#39;cit.</span> 
     </span>
    </p>

    <p class='ocr_par' dir='ltr' id='par_1_3' title="bbox 276 797 1454 1204">
     <span class='ocr_line' id='line_1_4' title="bbox 383 797 1453 883; baseline 0.002 -23"><span class='ocrx_word' id='word_1_13' title='bbox 383 797 473 861; x_wconf 87' lang='lat' dir='ltr'>Tum</span> <span class='ocrx_word' id='word_1_14' title='bbox 506 797 563 861; x_wconf 86' lang='lat' dir='ltr'>illa</span> <span class='ocrx_word' id='word_1_15' title='bbox 595 818 731 883; x_wconf 90' lang='lat' dir='ltr'>quoque</span> <span class='ocrx_word' id='word_1_16' title='bbox 761 799 991 882; x_wconf 85' lang='lat' dir='ltr'>comparatio,</span> <span class='ocrx_word' id='word_1_17' title='bbox 1015 819 1103 883; x_wconf 90' lang='lat' dir='ltr'>quae</span> <span class='ocrx_word' id='word_1_18' title='bbox 1127 798 1141 861; x_wconf 95' lang='lat' dir='ltr'>I</span> <span class='ocrx_word' id='word_1_19' title='bbox 1166 798 1231 862; x_wconf 89' lang='grc'>490</span> <span class='ocrx_word' id='word_1_20' title='bbox 1255 811 1289 862; x_wconf 86' lang='lat' dir='ltr'>et</span> <span class='ocrx_word' id='word_1_21' title='bbox 1316 797 1453 862; x_wconf 77' lang='lat' dir='ltr'>V1229</span> 
     </span>
     <span class='ocr_line' id='line_1_5' title="bbox 276 905 1451 990; baseline 0.001 -23"><span class='ocrx_word' id='word_1_22' title='bbox 276 916 398 982; x_wconf 87' lang='lat' dir='ltr'>exstat,</span> <span class='ocrx_word' id='word_1_23' title='bbox 424 906 486 969; x_wconf 91' lang='lat' dir='ltr'>etsi</span> <span class='ocrx_word' id='word_1_24' title='bbox 510 926 585 968; x_wconf 90' lang='lat' dir='ltr'>eam</span> <span class='ocrx_word' id='word_1_25' title='bbox 612 905 774 990; x_wconf 86' lang='lat' dir='ltr'>imprimis</span> <span class='ocrx_word' id='word_1_26' title='bbox 798 905 987 989; x_wconf 85' lang='lat' dir='ltr'>posteriore</span> <span class='ocrx_word' id='word_1_27' title='bbox 1010 905 1087 970; x_wconf 92' lang='lat' dir='ltr'>loco</span> <span class='ocrx_word' id='word_1_28' title='bbox 1114 905 1262 969; x_wconf 84' lang='lat' dir='ltr'>nonnulli</span> <span class='ocrx_word' id='word_1_29' title='bbox 1281 905 1341 968; x_wconf 92' lang='lat' dir='ltr'>viri</span> <span class='ocrx_word' id='word_1_30' title='bbox 1357 905 1451 970; x_wconf 88' lang='lat' dir='ltr'>docti</span> 
     </span>
     <span class='ocr_line' id='line_1_6' title="bbox 276 1010 1454 1097; baseline 0.003 -23"><span class='ocrx_word' id='word_1_31' title='bbox 276 1012 513 1096; x_wconf 86' lang='lat' dir='ltr'>interpolatam</span> <span class='ocrx_word' id='word_1_32' title='bbox 547 1033 620 1076; x_wconf 92' lang='lat' dir='ltr'>esse</span> <span class='ocrx_word' id='word_1_33' title='bbox 653 1023 872 1088; x_wconf 89' lang='lat' dir='ltr'>censuerunt,</span> <span class='ocrx_word' id='word_1_34' title='bbox 904 1012 997 1076; x_wconf 91' lang='lat' dir='ltr'>haud</span> <span class='ocrx_word' id='word_1_35' title='bbox 1020 1011 1122 1077; x_wconf 91' lang='lat' dir='ltr'>dubie</span> <span class='ocrx_word' id='word_1_36' title='bbox 1146 1034 1167 1076; x_wconf 93' lang='lat' dir='ltr'>a</span> <span class='ocrx_word' id='word_1_37' title='bbox 1189 1010 1353 1076; x_wconf 91' lang='lat' dir='ltr'>Lucretio</span> <span class='ocrx_word' id='word_1_38' title='bbox 1377 1013 1454 1097; x_wconf 91' lang='lat' dir='ltr'>ipso</span> 
     </span>
     <span class='ocr_line' id='line_1_7' title="bbox 277 1119 551 1204; baseline -0.004 -21"><span class='ocrx_word' id='word_1_39' title='bbox 277 1119 327 1184; x_wconf 88' lang='lat' dir='ltr'>bis</span> <span class='ocrx_word' id='word_1_40' title='bbox 351 1120 463 1204; x_wconf 89' lang='lat' dir='ltr'>posita</span> <span class='ocrx_word' id='word_1_41' title='bbox 487 1132 551 1183; x_wconf 88' lang='lat' dir='ltr'>est.</span> 
     </span>
    </p>

    <p class='ocr_par' dir='ltr' id='par_1_4' title="bbox 276 1226 1454 1420">
     <span class='ocr_line' id='line_1_8' title="bbox 383 1226 1454 1314; baseline -0.001 -24"><span class='ocrx_word' id='word_1_42' title='bbox 383 1227 482 1290; x_wconf 90' lang='lat' dir='ltr'>Hanc</span> <span class='ocrx_word' id='word_1_43' title='bbox 506 1226 754 1290; x_wconf 88' lang='lat' dir='ltr'>similitudinem</span> <span class='ocrx_word' id='word_1_44' title='bbox 779 1226 1021 1291; x_wconf 89' lang='lat' dir='ltr'>Lachmannus</span> <span class='ocrx_word' id='word_1_45' title='bbox 1052 1238 1198 1314; x_wconf 90' lang='lat' dir='ltr'>utroque</span> <span class='ocrx_word' id='word_1_46' title='bbox 1227 1226 1303 1292; x_wconf 91' lang='lat' dir='ltr'>loco</span> <span class='ocrx_word' id='word_1_47' title='bbox 1328 1240 1454 1312; x_wconf 90' lang='lat' dir='ltr'>poetae</span> 
     </span>
     <span class='ocr_line' id='line_1_9' title="bbox 276 1333 940 1420; baseline 0.006 -23"><span class='ocrx_word' id='word_1_48' title='bbox 276 1333 496 1410; x_wconf 85' lang='lat' dir='ltr'>abiudicavit,</span> <span class='ocrx_word' id='word_1_49' title='bbox 520 1335 577 1420; x_wconf 88' lang='lat' dir='ltr'>qui</span> <span class='ocrx_word' id='word_1_50' title='bbox 602 1334 698 1398; x_wconf 85' lang='grc'>1489</span> <span class='ocrx_word' id='word_1_51' title='bbox 711 1355 762 1419; x_wconf 91' lang='lat' dir='ltr'>sq.</span> <span class='ocrx_word' id='word_1_52' title='bbox 787 1334 940 1419; x_wconf 84' lang='lat' dir='ltr'>scripsit:</span> 
     </span>
    </p>

    <p class='ocr_par' dir='ltr' id='par_1_5' title="bbox 277 1436 1451 1839">
     <span class='ocr_line' id='line_1_10' title="bbox 342 1436 1370 1527; baseline -0.001 -22"><span class='ocrx_word' id='word_1_53' title='bbox 342 1442 475 1505; x_wconf 83' lang='lat' dir='ltr'>‘transit</span> <span class='ocrx_word' id='word_1_54' title='bbox 499 1442 588 1505; x_wconf 91' lang='lat' dir='ltr'>enim</span> <span class='ocrx_word' id='word_1_55' title='bbox 613 1440 740 1504; x_wconf 72' lang='lat' dir='ltr'>tulmen</span> <span class='ocrx_word' id='word_1_56' title='bbox 766 1441 899 1506; x_wconf 91' lang='lat' dir='ltr'>caelum</span> <span class='ocrx_word' id='word_1_57' title='bbox 911 1440 936 1526; x_wconf 84' lang='grc'>1)</span> <span class='ocrx_word' id='word_1_58' title='bbox 959 1436 1023 1526; x_wconf 84' lang='lat' dir='ltr'>per</span> <span class='ocrx_word' id='word_1_59' title='bbox 1046 1455 1166 1527; x_wconf 91' lang='lat' dir='ltr'>saepta</span> <span class='ocrx_word' id='word_1_60' title='bbox 1191 1441 1370 1505; x_wconf 92' lang='lat' dir='ltr'>domorum</span> 
     </span>
     <span class='ocr_line' id='line_1_11' title="bbox 342 1549 763 1629; baseline 0 -16"><span class='ocrx_word' id='word_1_61' title='bbox 342 1550 471 1613; x_wconf 89' lang='lat' dir='ltr'>clamor</span> <span class='ocrx_word' id='word_1_62' title='bbox 495 1549 519 1612; x_wconf 89' lang='lat' dir='ltr'>it</span> <span class='ocrx_word' id='word_1_63' title='bbox 543 1550 625 1629; x_wconf 80' lang='lat' dir='ltr'>ac²)</span> <span class='ocrx_word' id='word_1_64' title='bbox 650 1557 763 1613; x_wconf 89' lang='lat' dir='ltr'>voces‘</span> 
     </span>
     <span class='ocr_line' id='line_1_12' title="bbox 277 1655 1451 1741; baseline 0 -22"><span class='ocrx_word' id='word_1_65' title='bbox 277 1669 310 1720; x_wconf 89' lang='lat' dir='ltr'>et</span> <span class='ocrx_word' id='word_1_66' title='bbox 336 1656 384 1719; x_wconf 85' lang='lat' dir='ltr'>Vl</span> <span class='ocrx_word' id='word_1_67' title='bbox 401 1657 465 1718; x_wconf 83' lang='lat'>228</span> <span class='ocrx_word' id='word_1_68' title='bbox 480 1678 548 1741; x_wconf 91' lang='lat' dir='ltr'>sq.‚</span> <span class='ocrx_word' id='word_1_69' title='bbox 583 1656 672 1719; x_wconf 87' lang='lat' dir='ltr'>illam</span> <span class='ocrx_word' id='word_1_70' title='bbox 697 1658 987 1741; x_wconf 85' lang='lat' dir='ltr'>comparationem</span> <span class='ocrx_word' id='word_1_71' title='bbox 1021 1677 1062 1719; x_wconf 88' lang='lat' dir='ltr'>ex</span> <span class='ocrx_word' id='word_1_72' title='bbox 1091 1655 1188 1721; x_wconf 89' lang='grc' dir='ltr'>Ι49Ο</span> <span class='ocrx_word' id='word_1_73' title='bbox 1212 1656 1451 1741; x_wconf 85' lang='lat' dir='ltr'>interpolatam</span> 
     </span>
     <span class='ocr_line' id='line_1_13' title="bbox 278 1763 1451 1839; baseline 0 -12"><span class='ocrx_word' id='word_1_74' title='bbox 278 1785 352 1827; x_wconf 90' lang='lat' dir='ltr'>esse</span> <span class='ocrx_word' id='word_1_75' title='bbox 376 1763 572 1839; x_wconf 88' lang='lat' dir='ltr'>arbitratus,</span> <span class='ocrx_word' id='word_1_76' title='bbox 597 1765 662 1827; x_wconf 95' lang='lat' dir='ltr'>hoc</span> <span class='ocrx_word' id='word_1_77' title='bbox 688 1764 788 1827; x_wconf 91' lang='lat' dir='ltr'>modo</span> <span class='ocrx_word' id='word_1_78' title='bbox 814 1785 932 1827; x_wconf 88' lang='lat' dir='ltr'>versus</span> <span class='ocrx_word' id='word_1_79' title='bbox 957 1763 1185 1827; x_wconf 88' lang='lat' dir='ltr'>restituendos</span> <span class='ocrx_word' id='word_1_80' title='bbox 1211 1783 1287 1826; x_wconf 86' lang='lat' dir='ltr'>esse</span> <span class='ocrx_word' id='word_1_81' title='bbox 1304 1764 1451 1827; x_wconf 89' lang='lat' dir='ltr'>censuit:</span> 
     </span>
    </p>

    <p class='ocr_par' dir='ltr' id='par_1_6' title="bbox 367 1868 1383 1957">
     <span class='ocr_line' id='line_1_14' title="bbox 367 1868 1383 1957; baseline -0.002 -23"><span class='ocrx_word' id='word_1_82' title='bbox 367 1872 498 1934; x_wconf 88' lang='lat' dir='ltr'>‘transit</span> <span class='ocrx_word' id='word_1_83' title='bbox 522 1872 609 1933; x_wconf 84' lang='lat' dir='ltr'>enirn</span> <span class='ocrx_word' id='word_1_84' title='bbox 637 1871 782 1934; x_wconf 90' lang='lat' dir='ltr'>validum</span> <span class='ocrx_word' id='word_1_85' title='bbox 808 1871 936 1933; x_wconf 75' lang='lat' dir='ltr'>fulmen</span> <span class='ocrx_word' id='word_1_86' title='bbox 962 1868 1037 1957; x_wconf 86' lang='lat' dir='ltr'>[per</span> <span class='ocrx_word' id='word_1_87' title='bbox 1061 1882 1180 1956; x_wconf 88' lang='lat' dir='ltr'>saepta</span> <span class='ocrx_word' id='word_1_88' title='bbox 1204 1870 1383 1934; x_wconf 90' lang='lat' dir='ltr'>domorum</span> 
     </span>
    </p>

    <p class='ocr_par' dir='ltr' id='par_1_7' title="bbox 369 1975 1306 2064">
     <span class='ocr_line' id='line_1_15' title="bbox 369 1975 1306 2064; baseline -0.001 -22"><span class='ocrx_word' id='word_1_89' title='bbox 369 1978 496 2042; x_wconf 87' lang='lat' dir='ltr'>clamor</span> <span class='ocrx_word' id='word_1_90' title='bbox 520 1990 556 2041; x_wconf 93' lang='lat' dir='ltr'>ut</span> <span class='ocrx_word' id='word_1_91' title='bbox 580 1999 622 2042; x_wconf 87' lang='lat' dir='ltr'>ac</span> <span class='ocrx_word' id='word_1_92' title='bbox 647 1999 749 2041; x_wconf 89' lang='lat' dir='ltr'>voces</span> <span class='ocrx_word' id='word_1_93' title='bbox 774 1975 905 2064; x_wconf 88' lang='lat' dir='ltr'>transit]</span> <span class='ocrx_word' id='word_1_94' title='bbox 930 1999 993 2063; x_wconf 91' lang='lat' dir='ltr'>per</span> <span class='ocrx_word' id='word_1_95' title='bbox 1015 1999 1098 2041; x_wconf 86' lang='lat' dir='ltr'>saxa</span> <span class='ocrx_word' id='word_1_96' title='bbox 1121 1999 1184 2062; x_wconf 91' lang='lat' dir='ltr'>per</span> <span class='ocrx_word' id='word_1_97' title='bbox 1207 1976 1306 2041; x_wconf 88' lang='lat' dir='ltr'>aera&#39;.</span> 
     </span>
    </p>

    <p class='ocr_par' dir='ltr' id='par_1_8' title="bbox 187 2083 1450 2386">
     <span class='ocr_line' id='line_1_16' title="bbox 383 2083 1450 2170; baseline 0.002 -21"><span class='ocrx_word' id='word_1_98' title='bbox 383 2085 453 2149; x_wconf 83' lang='lat' dir='ltr'>Sed</span> <span class='ocrx_word' id='word_1_99' title='bbox 485 2099 604 2149; x_wconf 87' lang='lat' dir='ltr'>contra</span> <span class='ocrx_word' id='word_1_100' title='bbox 635 2087 724 2149; x_wconf 86' lang='lat' dir='ltr'>hunc</span> <span class='ocrx_word' id='word_1_101' title='bbox 756 2084 976 2148; x_wconf 82' lang='lat' dir='ltr'>Susemihlius</span> <span class='ocrx_word' id='word_1_102' title='bbox 1008 2097 1041 2148; x_wconf 88' lang='lat' dir='ltr'>et</span> <span class='ocrx_word' id='word_1_103' title='bbox 1074 2084 1255 2170; x_wconf 82' lang='lat' dir='ltr'>Briegerus</span> <span class='ocrx_word' id='word_1_104' title='bbox 1279 2083 1400 2160; x_wconf 66' lang='lat' dir='ltr'>(Philol</span> <span class='ocrx_word' id='word_1_105' title='bbox 1427 2096 1450 2151; x_wconf 88' lang='lat' dir='ltr'>t.</span> 
     </span>
     <span class='ocr_line' id='line_1_17' title="bbox 276 2191 1450 2278; baseline -0.004 -20"><span class='ocrx_word' id='word_1_106' title='bbox 276 2193 361 2259; x_wconf 84' lang='lat' dir='ltr'>XIV</span> <span class='ocrx_word' id='word_1_107' title='bbox 385 2216 419 2278; x_wconf 93' lang='lat' dir='ltr'>p.</span> <span class='ocrx_word' id='word_1_108' title='bbox 438 2194 497 2256; x_wconf 84' lang='lat'>551</span> <span class='ocrx_word' id='word_1_109' title='bbox 526 2191 645 2256; x_wconf 91' lang='lat' dir='ltr'>XXlII</span> <span class='ocrx_word' id='word_1_110' title='bbox 669 2215 701 2277; x_wconf 93' lang='lat' dir='ltr'>p.</span> <span class='ocrx_word' id='word_1_111' title='bbox 719 2192 798 2277; x_wconf 74' lang='grc'>469)</span> <span class='ocrx_word' id='word_1_112' title='bbox 829 2205 922 2256; x_wconf 87' lang='lat' dir='ltr'>recte</span> <span class='ocrx_word' id='word_1_113' title='bbox 947 2192 1206 2277; x_wconf 90' lang='lat' dir='ltr'>disputaverunt</span> <span class='ocrx_word' id='word_1_114' title='bbox 1230 2204 1263 2255; x_wconf 91' lang='lat' dir='ltr'>et</span> <span class='ocrx_word' id='word_1_115' title='bbox 1286 2191 1381 2254; x_wconf 85' lang='grc'>1489</span> <span class='ocrx_word' id='word_1_116' title='bbox 1398 2211 1450 2276; x_wconf 84' lang='lat' dir='ltr'>sq.</span> 
     </span>
     <span class='ocr_line' id='line_1_18' title="bbox 187 2300 770 2386; baseline 0 -22"><span class='ocrx_word' id='word_1_117' title='bbox 187 2349 192 2356; x_wconf 86' lang='grc'><strong>.</strong></span> <span class='ocrx_word' id='word_1_118' title='bbox 275 2301 458 2386; x_wconf 85' lang='lat' dir='ltr'>legendum</span> <span class='ocrx_word' id='word_1_119' title='bbox 482 2321 556 2363; x_wconf 91' lang='lat' dir='ltr'>esse</span> <span class='ocrx_word' id='word_1_120' title='bbox 581 2300 770 2364; x_wconf 90' lang='lat' dir='ltr'>docuerunt</span> 
     </span>
    </p>

    <p class='ocr_par' dir='ltr' id='par_1_9' title="bbox 383 2407 1320 2493">
     <span class='ocr_line' id='line_1_19' title="bbox 383 2407 1320 2493; baseline -0.002 -21"><span class='ocrx_word' id='word_1_121' title='bbox 383 2410 513 2473; x_wconf 86' lang='lat' dir='ltr'>‘transit</span> <span class='ocrx_word' id='word_1_122' title='bbox 538 2409 625 2477; x_wconf 87' lang='lat' dir='ltr'>enim</span> <span class='ocrx_word' id='word_1_123' title='bbox 650 2407 776 2471; x_wconf 84' lang='lat' dir='ltr'>fulmen</span> <span class='ocrx_word' id='word_1_124' title='bbox 801 2409 886 2471; x_wconf 89' lang='lat' dir='ltr'>caeli</span> <span class='ocrx_word' id='word_1_125' title='bbox 910 2429 972 2492; x_wconf 91' lang='lat' dir='ltr'>per</span> <span class='ocrx_word' id='word_1_126' title='bbox 996 2420 1116 2493; x_wconf 89' lang='lat' dir='ltr'>saepta</span> <span class='ocrx_word' id='word_1_127' title='bbox 1141 2409 1320 2471; x_wconf 90' lang='lat' dir='ltr'>domorum</span> 
     </span>
    </p>

    <p class='ocr_par' dir='ltr' id='par_1_10' title="bbox 383 2514 785 2580">
     <span class='ocr_line' id='line_1_20' title="bbox 383 2514 785 2580; baseline -0.002 0"><span class='ocrx_word' id='word_1_128' title='bbox 383 2517 511 2580; x_wconf 88' lang='lat' dir='ltr'>clamor</span> <span class='ocrx_word' id='word_1_129' title='bbox 535 2528 571 2578; x_wconf 93' lang='lat' dir='ltr'>ut</span> <span class='ocrx_word' id='word_1_130' title='bbox 595 2536 637 2579; x_wconf 93' lang='lat' dir='ltr'>ac</span> <span class='ocrx_word' id='word_1_131' title='bbox 663 2514 785 2580; x_wconf 88' lang='lat' dir='ltr'>voces’.</span> 
     </span>
    </p>

    <p class='ocr_par' dir='ltr' id='par_1_11' title="bbox 274 2622 1453 2922">
     <span class='ocr_line' id='line_1_21' title="bbox 384 2622 1453 2708; baseline 0.001 -22"><span class='ocrx_word' id='word_1_132' title='bbox 384 2622 474 2686; x_wconf 90' lang='lat' dir='ltr'>Nam</span> <span class='ocrx_word' id='word_1_133' title='bbox 499 2623 591 2708; x_wconf 93' lang='lat' dir='ltr'>quod</span> <span class='ocrx_word' id='word_1_134' title='bbox 617 2622 856 2686; x_wconf 90' lang='lat' dir='ltr'>Lachmannus</span> <span class='ocrx_word' id='word_1_135' title='bbox 881 2622 1008 2686; x_wconf 79' lang='lat' dir='ltr'>fulmen</span> <span class='ocrx_word' id='word_1_136' title='bbox 1037 2623 1215 2687; x_wconf 90' lang='lat' dir='ltr'>domorum</span> <span class='ocrx_word' id='word_1_137' title='bbox 1239 2636 1359 2708; x_wconf 91' lang='lat' dir='ltr'>saepta</span> <span class='ocrx_word' id='word_1_138' title='bbox 1384 2645 1453 2687; x_wconf 89' lang='lat' dir='ltr'>non</span> 
     </span>
     <span class='ocr_line' id='line_1_22' title="bbox 276 2730 1451 2816; baseline 0 -22"><span class='ocrx_word' id='word_1_139' title='bbox 276 2732 333 2806; x_wconf 88' lang='lat' dir='ltr'>ita,</span> <span class='ocrx_word' id='word_1_140' title='bbox 357 2744 393 2794; x_wconf 87' lang='lat' dir='ltr'>ut</span> <span class='ocrx_word' id='word_1_141' title='bbox 418 2730 600 2795; x_wconf 88' lang='lat' dir='ltr'>clamorem</span> <span class='ocrx_word' id='word_1_142' title='bbox 625 2751 666 2793; x_wconf 93' lang='lat' dir='ltr'>ac</span> <span class='ocrx_word' id='word_1_143' title='bbox 691 2751 811 2805; x_wconf 85' lang='lat' dir='ltr'>voces,</span> <span class='ocrx_word' id='word_1_144' title='bbox 837 2731 979 2793; x_wconf 87' lang='lat' dir='ltr'>transire</span> <span class='ocrx_word' id='word_1_145' title='bbox 1002 2730 1063 2794; x_wconf 89' lang='lat' dir='ltr'>sed</span> <span class='ocrx_word' id='word_1_146' title='bbox 1089 2730 1290 2816; x_wconf 88' lang='lat' dir='ltr'>plerumque</span> <span class='ocrx_word' id='word_1_147' title='bbox 1314 2730 1451 2795; x_wconf 89' lang='lat' dir='ltr'>laedere</span> 
     </span>
     <span class='ocr_line' id='line_1_23' title="bbox 274 2836 1123 2922; baseline -0.002 -20"><span class='ocrx_word' id='word_1_148' title='bbox 274 2837 368 2914; x_wconf 89' lang='lat' dir='ltr'>dicit,</span> <span class='ocrx_word' id='word_1_149' title='bbox 393 2836 479 2901; x_wconf 90' lang='lat' dir='ltr'>bene</span> <span class='ocrx_word' id='word_1_150' title='bbox 505 2836 686 2922; x_wconf 85' lang='lat' dir='ltr'>Briegerus</span> <span class='ocrx_word' id='word_1_151' title='bbox 712 2859 762 2899; x_wconf 92' lang='lat' dir='ltr'>vv.</span> <span class='ocrx_word' id='word_1_152' title='bbox 781 2836 908 2900; x_wconf 77' lang='lat' dir='ltr'>V1348</span> <span class='ocrx_word' id='word_1_153' title='bbox 928 2857 978 2922; x_wconf 88' lang='lat' dir='ltr'>sq.</span> <span class='ocrx_word' id='word_1_154' title='bbox 1003 2837 1123 2901; x_wconf 81' lang='lat' dir='ltr'>affert:</span> 
     </span>
    </p>

    <p class='ocr_par' dir='ltr' id='par_1_12' title="bbox 381 2945 1343 3031">
     <span class='ocr_line' id='line_1_24' title="bbox 381 2945 1343 3031; baseline 0.002 -24"><span class='ocrx_word' id='word_1_155' title='bbox 381 2945 636 3029; x_wconf 86' lang='lat' dir='ltr'>‘incolumisque</span> <span class='ocrx_word' id='word_1_156' title='bbox 662 2947 751 3008; x_wconf 88' lang='lat' dir='ltr'>venit</span> <span class='ocrx_word' id='word_1_157' title='bbox 775 2966 838 3030; x_wconf 92' lang='lat' dir='ltr'>per</span> <span class='ocrx_word' id='word_1_158' title='bbox 862 2966 915 3008; x_wconf 90' lang='lat' dir='ltr'>res</span> <span class='ocrx_word' id='word_1_159' title='bbox 939 2958 1041 3031; x_wconf 89' lang='lat' dir='ltr'>atque</span> <span class='ocrx_word' id='word_1_160' title='bbox 1066 2945 1200 3031; x_wconf 85' lang='lat' dir='ltr'>integra</span> <span class='ocrx_word' id='word_1_161' title='bbox 1224 2947 1343 3009; x_wconf 87' lang='lat' dir='ltr'>transit</span> 
     </span>
    </p>

    <p class='ocr_par' dir='ltr' id='par_1_13' title="bbox 272 3051 1455 3781">
     <span class='ocr_line' id='line_1_25' title="bbox 382 3051 1347 3138; baseline 0.001 -24"><span class='ocrx_word' id='word_1_162' title='bbox 382 3053 486 3115; x_wconf 88' lang='lat' dir='ltr'>multa</span> <span class='ocrx_word' id='word_1_163' title='bbox 512 3051 731 3115; x_wconf 87' lang='lat' dir='ltr'>foraminibus</span> <span class='ocrx_word' id='word_1_164' title='bbox 756 3052 902 3137; x_wconf 90' lang='lat' dir='ltr'>liquidus</span> <span class='ocrx_word' id='word_1_165' title='bbox 926 3053 1005 3138; x_wconf 90' lang='lat' dir='ltr'>quia</span> <span class='ocrx_word' id='word_1_166' title='bbox 1029 3053 1216 3116; x_wconf 83' lang='lat' dir='ltr'>transvolat</span> <span class='ocrx_word' id='word_1_167' title='bbox 1239 3052 1347 3138; x_wconf 83' lang='lat' dir='ltr'>ignis’.</span> 
     </span>
     <span class='ocr_line' id='line_1_26' title="bbox 274 3158 1453 3245; baseline 0 -21"><span class='ocrx_word' id='word_1_168' title='bbox 274 3171 308 3224; x_wconf 86' lang='lat' dir='ltr'>et</span> <span class='ocrx_word' id='word_1_169' title='bbox 332 3171 512 3244; x_wconf 90' lang='lat' dir='ltr'>praeterea</span> <span class='ocrx_word' id='word_1_170' title='bbox 545 3159 814 3245; x_wconf 82' lang='lat' dir='ltr'>vv.11381sqq.</span> <span class='ocrx_word' id='word_1_171' title='bbox 845 3172 879 3222; x_wconf 91' lang='lat' dir='ltr'>et</span> <span class='ocrx_word' id='word_1_172' title='bbox 904 3158 1121 3245; x_wconf 80' lang='lat' dir='ltr'>V1231sqq.</span> <span class='ocrx_word' id='word_1_173' title='bbox 1146 3161 1269 3224; x_wconf 81' lang='lat' dir='ltr'>laudat.</span> <span class='ocrx_word' id='word_1_174' title='bbox 1318 3158 1453 3224; x_wconf 84' lang='lat' dir='ltr'>Deinde</span> 
     </span>
     <span class='ocr_line' id='line_1_27' title="bbox 273 3266 1452 3353; baseline 0.001 -23"><span class='ocrx_word' id='word_1_175' title='bbox 273 3288 340 3330; x_wconf 90' lang='lat' dir='ltr'>non</span> <span class='ocrx_word' id='word_1_176' title='bbox 377 3281 470 3330; x_wconf 89' lang='lat' dir='ltr'>recte</span> <span class='ocrx_word' id='word_1_177' title='bbox 505 3266 747 3331; x_wconf 90' lang='lat' dir='ltr'>Lachmannus</span> <span class='ocrx_word' id='word_1_178' title='bbox 788 3267 966 3331; x_wconf 91' lang='lat' dir='ltr'>domorum</span> <span class='ocrx_word' id='word_1_179' title='bbox 1000 3281 1120 3353; x_wconf 88' lang='lat' dir='ltr'>saepta</span> <span class='ocrx_word' id='word_1_180' title='bbox 1156 3282 1224 3332; x_wconf 86' lang='lat' dir='ltr'>tarn</span> <span class='ocrx_word' id='word_1_181' title='bbox 1261 3268 1345 3330; x_wconf 88' lang='lat' dir='ltr'>dura</span> <span class='ocrx_word' id='word_1_182' title='bbox 1381 3288 1452 3331; x_wconf 90' lang='lat' dir='ltr'>non</span> 
     </span>
     <span class='ocr_line' id='line_1_28' title="bbox 274 3373 1451 3449; baseline 0.001 -12"><span class='ocrx_word' id='word_1_183' title='bbox 274 3395 348 3437; x_wconf 88' lang='lat' dir='ltr'>esse</span> <span class='ocrx_word' id='word_1_184' title='bbox 373 3373 467 3449; x_wconf 87' lang='lat' dir='ltr'>dicit,</span> <span class='ocrx_word' id='word_1_185' title='bbox 492 3386 528 3437; x_wconf 93' lang='lat' dir='ltr'>ut</span> <span class='ocrx_word' id='word_1_186' title='bbox 552 3396 591 3437; x_wconf 90' lang='lat' dir='ltr'>ea</span> <span class='ocrx_word' id='word_1_187' title='bbox 616 3373 743 3436; x_wconf 83' lang='lat' dir='ltr'>fulmini</span> <span class='ocrx_word' id='word_1_188' title='bbox 770 3396 835 3438; x_wconf 92' lang='lat' dir='ltr'>non</span> <span class='ocrx_word' id='word_1_189' title='bbox 860 3373 1025 3438; x_wconf 81' lang='lat' dir='ltr'>obsistere</span> <span class='ocrx_word' id='word_1_190' title='bbox 1051 3375 1240 3438; x_wconf 88' lang='lat' dir='ltr'>mirandum</span> <span class='ocrx_word' id='word_1_191' title='bbox 1264 3376 1316 3438; x_wconf 89' lang='lat' dir='ltr'>sit.</span> <span class='ocrx_word' id='word_1_192' title='bbox 1360 3374 1451 3438; x_wconf 88' lang='lat' dir='ltr'>Nam</span> 
     </span>
     <span class='ocr_line' id='line_1_29' title="bbox 272 3480 1450 3568; baseline 0 -24"><span class='ocrx_word' id='word_1_193' title='bbox 272 3493 376 3566; x_wconf 90' lang='lat' dir='ltr'>poeta</span> <span class='ocrx_word' id='word_1_194' title='bbox 407 3482 472 3545; x_wconf 92' lang='lat' dir='ltr'>hoc</span> <span class='ocrx_word' id='word_1_195' title='bbox 502 3480 579 3545; x_wconf 93' lang='lat' dir='ltr'>loco</span> <span class='ocrx_word' id='word_1_196' title='bbox 603 3502 707 3544; x_wconf 81' lang='lat' dir='ltr'>saxea</span> <span class='ocrx_word' id='word_1_197' title='bbox 731 3496 849 3566; x_wconf 88' lang='lat' dir='ltr'>saepta</span> <span class='ocrx_word' id='word_1_198' title='bbox 874 3482 1052 3546; x_wconf 91' lang='lat' dir='ltr'>domorum</span> <span class='ocrx_word' id='word_1_199' title='bbox 1077 3520 1120 3528; x_wconf 89' lang='lat'><em>-</em></span> <span class='ocrx_word' id='word_1_200' title='bbox 1144 3482 1179 3544; x_wconf 88' lang='lat' dir='ltr'>id</span> <span class='ocrx_word' id='word_1_201' title='bbox 1203 3483 1296 3568; x_wconf 90' lang='lat' dir='ltr'>quod</span> <span class='ocrx_word' id='word_1_202' title='bbox 1321 3504 1362 3545; x_wconf 83' lang='lat' dir='ltr'>ex</span> <span class='ocrx_word' id='word_1_203' title='bbox 1388 3502 1450 3544; x_wconf 89' lang='lat' dir='ltr'>vvs</span> 
     </span>
     <span class='ocr_line' id='line_1_30' title="bbox 272 3587 1455 3671; baseline -0.002 -19"><span class='ocrx_word' id='word_1_204' title='bbox 272 3587 322 3652; x_wconf 88' lang='lat' dir='ltr'>IV</span> <span class='ocrx_word' id='word_1_205' title='bbox 347 3588 426 3671; x_wconf 76' lang='grc'>699,</span> <span class='ocrx_word' id='word_1_206' title='bbox 461 3587 510 3651; x_wconf 89' lang='lat' dir='ltr'>VI</span> <span class='ocrx_word' id='word_1_207' title='bbox 535 3587 594 3652; x_wconf 87' lang='grc'>951</span> <span class='ocrx_word' id='word_1_208' title='bbox 624 3589 780 3651; x_wconf 89' lang='lat' dir='ltr'>conicere</span> <span class='ocrx_word' id='word_1_209' title='bbox 805 3588 883 3652; x_wconf 88' lang='lat' dir='ltr'>licet</span> <span class='ocrx_word' id='word_1_210' title='bbox 907 3627 950 3635; x_wconf 93' lang='lat'><em>-</em></span> <span class='ocrx_word' id='word_1_211' title='bbox 974 3603 1053 3653; x_wconf 89' lang='lat' dir='ltr'>ante</span> <span class='ocrx_word' id='word_1_212' title='bbox 1077 3590 1195 3653; x_wconf 90' lang='lat' dir='ltr'>oculos</span> <span class='ocrx_word' id='word_1_213' title='bbox 1219 3588 1377 3652; x_wconf 88' lang='lat' dir='ltr'>habuisse</span> <span class='ocrx_word' id='word_1_214' title='bbox 1403 3589 1455 3650; x_wconf 81' lang='lat' dir='ltr'>vi-</span> 
     </span>
     <span class='ocr_line' id='line_1_31' title="bbox 273 3694 1451 3781; baseline 0 -21"><span class='ocrx_word' id='word_1_215' title='bbox 273 3696 383 3760; x_wconf 90' lang='lat' dir='ltr'>detur.</span> <span class='ocrx_word' id='word_1_216' title='bbox 431 3694 570 3781; x_wconf 88' lang='lat' dir='ltr'>Optime</span> <span class='ocrx_word' id='word_1_217' title='bbox 594 3709 709 3758; x_wconf 87' lang='lat' dir='ltr'>autem</span> <span class='ocrx_word' id='word_1_218' title='bbox 731 3697 820 3759; x_wconf 90' lang='lat' dir='ltr'>hanc</span> <span class='ocrx_word' id='word_1_219' title='bbox 845 3696 1136 3781; x_wconf 87' lang='lat' dir='ltr'>comparationem</span> <span class='ocrx_word' id='word_1_220' title='bbox 1161 3694 1348 3760; x_wconf 88' lang='lat' dir='ltr'>adhibitam</span> <span class='ocrx_word' id='word_1_221' title='bbox 1374 3717 1451 3760; x_wconf 90' lang='lat' dir='ltr'>esse</span> 
     </span>
    </p>
   </div>
   <div class='ocr_carea' id='block_1_3' title="bbox 272 3801 1453 4212">
    <p class='ocr_par' dir='ltr' id='par_1_14' title="bbox 272 3801 1453 4212">
     <span class='ocr_line' id='line_1_32' title="bbox 273 3801 1453 3888; baseline -0.002 -21"><span class='ocrx_word' id='word_1_222' title='bbox 273 3825 315 3867; x_wconf 84' lang='lat' dir='ltr'>ex</span> <span class='ocrx_word' id='word_1_223' title='bbox 340 3824 381 3867; x_wconf 88' lang='lat' dir='ltr'>en</span> <span class='ocrx_word' id='word_1_224' title='bbox 405 3814 561 3888; x_wconf 89' lang='lat' dir='ltr'>apparet,</span> <span class='ocrx_word' id='word_1_225' title='bbox 586 3803 689 3888; x_wconf 88' lang='lat' dir='ltr'>quod,</span> <span class='ocrx_word' id='word_1_226' title='bbox 714 3815 750 3866; x_wconf 89' lang='lat' dir='ltr'>ut</span> <span class='ocrx_word' id='word_1_227' title='bbox 774 3801 959 3867; x_wconf 91' lang='lat' dir='ltr'>Goebelius</span> <span class='ocrx_word' id='word_1_228' title='bbox 984 3804 1085 3882; x_wconf 86' lang='lat' dir='ltr'>(obss.</span> <span class='ocrx_word' id='word_1_229' title='bbox 1102 3802 1204 3869; x_wconf 90' lang='lat' dir='ltr'>Lucr.</span> <span class='ocrx_word' id='word_1_230' title='bbox 1222 3825 1256 3888; x_wconf 91' lang='lat' dir='ltr'>p.</span> <span class='ocrx_word' id='word_1_231' title='bbox 1275 3804 1330 3884; x_wconf 81' lang='lat'>30)</span> <span class='ocrx_word' id='word_1_232' title='bbox 1355 3803 1453 3878; x_wconf 76' lang='lat' dir='ltr'>dicit,</span> 
     </span>
     <span class='ocr_line' id='line_1_33' title="bbox 272 3909 1453 3998; baseline 0 -25"><span class='ocrx_word' id='word_1_233' title='bbox 272 3910 398 3974; x_wconf 86' lang='lat' dir='ltr'>fulmen</span> <span class='ocrx_word' id='word_1_234' title='bbox 430 3924 519 3995; x_wconf 70' lang='lat' dir='ltr'>„tam</span> <span class='ocrx_word' id='word_1_235' title='bbox 553 3909 745 3974; x_wconf 89' lang='lat' dir='ltr'>volubiliter</span> <span class='ocrx_word' id='word_1_236' title='bbox 776 3932 817 3975; x_wconf 89' lang='lat' dir='ltr'>ac</span> <span class='ocrx_word' id='word_1_237' title='bbox 842 3913 914 3975; x_wconf 91' lang='lat' dir='ltr'>sine</span> <span class='ocrx_word' id='word_1_238' title='bbox 938 3910 1089 3988; x_wconf 87' lang='lat' dir='ltr'>labore“‚</span> <span class='ocrx_word' id='word_1_239' title='bbox 1114 3933 1216 3998; x_wconf 82' lang='lat' dir='ltr'>quam</span> <span class='ocrx_word' id='word_1_240' title='bbox 1241 3933 1362 3976; x_wconf 89' lang='lat' dir='ltr'>vocem</span> <span class='ocrx_word' id='word_1_241' title='bbox 1386 3932 1453 3996; x_wconf 85' lang='lat' dir='ltr'>per</span> 
     </span>
     <span class='ocr_line' id='line_1_34' title="bbox 272 4018 1452 4102; baseline -0.002 -20"><span class='ocrx_word' id='word_1_242' title='bbox 272 4032 392 4102; x_wconf 89' lang='lat' dir='ltr'>saepta</span> <span class='ocrx_word' id='word_1_243' title='bbox 417 4019 594 4082; x_wconf 91' lang='lat' dir='ltr'>domorum</span> <span class='ocrx_word' id='word_1_244' title='bbox 619 4018 762 4081; x_wconf 88' lang='lat' dir='ltr'>transire</span> <span class='ocrx_word' id='word_1_245' title='bbox 778 4020 1041 4083; x_wconf 86' lang='lat' dir='ltr'>demonstratur.</span> <span class='ocrx_word' id='word_1_246' title='bbox 1082 4018 1136 4083; x_wconf 90' lang='lat' dir='ltr'>Ac</span> <span class='ocrx_word' id='word_1_247' title='bbox 1153 4032 1247 4084; x_wconf 91' lang='lat' dir='ltr'>certe</span> <span class='ocrx_word' id='word_1_248' title='bbox 1264 4018 1452 4083; x_wconf 86' lang='lat' dir='ltr'>Lucretius</span> 
     </span>
     <span class='ocr_line' id='line_1_35' title="bbox 272 4125 1452 4212; baseline 0 -24"><span class='ocrx_word' id='word_1_249' title='bbox 272 4125 431 4210; x_wconf 86' lang='lat' dir='ltr'>exemplo</span> <span class='ocrx_word' id='word_1_250' title='bbox 457 4125 560 4201; x_wconf 87' lang='lat' dir='ltr'>vocis,</span> <span class='ocrx_word' id='word_1_251' title='bbox 585 4145 688 4210; x_wconf 91' lang='lat' dir='ltr'>quam</span> <span class='ocrx_word' id='word_1_252' title='bbox 711 4146 775 4210; x_wconf 91' lang='lat' dir='ltr'>per</span> <span class='ocrx_word' id='word_1_253' title='bbox 798 4138 919 4212; x_wconf 87' lang='lat' dir='ltr'>saepta</span> <span class='ocrx_word' id='word_1_254' title='bbox 944 4127 1122 4191; x_wconf 93' lang='lat' dir='ltr'>domorum</span> <span class='ocrx_word' id='word_1_255' title='bbox 1147 4127 1324 4191; x_wconf 88' lang='lat' dir='ltr'>celerrime</span> <span class='ocrx_word' id='word_1_256' title='bbox 1341 4140 1452 4188; x_wconf 83' lang='lat' dir='ltr'>trans-</span> 
     </span>
    </p>
   </div>
   <div class='ocr_carea' id='block_1_4' title="bbox 330 4301 671 4455">
    <p class='ocr_par' dir='ltr' id='par_1_15' title="bbox 330 4301 671 4455">
     <span class='ocr_line' id='line_1_36' title="bbox 336 4301 671 4365; baseline 0.006 -10"><span class='ocrx_word' id='word_1_257' title='bbox 336 4306 360 4365; x_wconf 76' lang='lat' dir='ltr'>l)</span> <span class='ocrx_word' id='word_1_258' title='bbox 380 4303 456 4355; x_wconf 89' lang='lat' dir='ltr'>codd.</span> <span class='ocrx_word' id='word_1_259' title='bbox 476 4302 575 4356; x_wconf 86' lang='lat' dir='ltr'>flumen</span> <span class='ocrx_word' id='word_1_260' title='bbox 594 4301 671 4357; x_wconf 81' lang='lat' dir='ltr'>caeli.</span> 
     </span>
     <span class='ocr_line' id='line_1_37' title="bbox 330 4391 567 4455; baseline -0.008 -10"><span class='ocrx_word' id='word_1_261' title='bbox 330 4395 358 4455; x_wconf 76' lang='lat'>2)</span> <span class='ocrx_word' id='word_1_262' title='bbox 379 4391 454 4444; x_wconf 87' lang='lat' dir='ltr'>codd.</span> <span class='ocrx_word' id='word_1_263' title='bbox 475 4399 506 4444; x_wconf 86' lang='lat' dir='ltr'>nt</span> <span class='ocrx_word' id='word_1_264' title='bbox 525 4391 567 4444; x_wconf 89' lang='lat' dir='ltr'>ad.</span> 
     </span>
    </p>
   </div>
   <div class='ocr_carea' id='block_1_5' title="bbox 0 0 1612 5024">
    <p class='ocr_par' dir='ltr' id='par_1_16' title="bbox 0 0 1612 5024">
     <span class='ocr_line' id='line_1_38' title="bbox 0 0 1612 5024; baseline 0 0"><span class='ocrx_word' id='word_1_265' title='bbox 0 0 1612 5024; x_wconf 95' lang='lat' dir='ltr'> </span> 
     </span>
    </p>
   </div>
  </div>
 </body>
</html>
