3214 5024
742 420 776 428 -
833 383 872 445 10
920 422 959 432 -,

263 580 590 666 91211088.1013‚
621 579 666 642 ad
696 580 812 651 ludum
836 579 982 665 aliquem
996 582 1109 652 11778
1135 582 1260 665 (multis
1293 581 1442 646 diversis

262 688 378 773 liguris
416 708 484 751 una
519 687 627 772 figura
663 687 832 775 quadrata
868 688 960 752 effici
999 692 1144 773 potest),
1187 689 1232 753 ad
1274 690 1437 775 unguenti

262 794 409 859 faciendi
437 806 545 858 artem
559 796 592 861 ll
606 795 668 865 847
702 795 747 859 ad
774 795 1048 859 aedificationem
1068 795 1122 864 IV
1144 798 1207 860 513
1237 797 1281 861 ad
1306 817 1439 861 morem

261 903 433 986 pecudum
457 902 520 966 diis
543 903 825 967 immolandarum
838 902 975 973 V1759.

369 1009 551 1073 Hominum
586 1010 739 1074 instituta
773 1010 826 1073 his
862 1010 945 1074 locis
981 1024 1308 1077 commemorantur:
1341 1014 1439 1084 1738

261 1116 295 1179 V
312 1117 370 1179 111
398 1138 562 1201 responsa
587 1116 733 1202 Pythiae
749 1119 841 1188 1179
866 1138 1022 1181 cursores
1038 1118 1253 1204 lampadibus
1270 1120 1439 1185 instructi.

369 1223 567 1288 Mensuram
583 1224 734 1288 indicant
750 1225 839 1288 duae
857 1227 1146 1309 comparationes:
1172 1226 1300 1290 V1652
1319 1229 1436 1310 (unum

224 1408 227 1413 ¹
262 1331 395 1396 caelum
431 1332 534 1395 totius
569 1352 720 1395 summae
755 1353 821 1396 non
859 1343 954 1396 tanta
977 1354 1058 1417 pars
1083 1345 1154 1410 est,
1180 1346 1307 1419 quanta
1331 1335 1439 1399 totius

261 1450 374 1503 terrae
421 1440 550 1521 homo),
597 1440 633 1504 ΙΙ
664 1440 725 1502 163
772 1439 961 1524 (multiplex
1008 1442 1154 1525 spatium
1199 1455 1439 1508 transcurrunt
1514 1430 1516 1433 ⁵

262 1548 447 1633 primordia
472 1548 591 1613 eodem
617 1560 782 1632 tempore,
807 1568 875 1633 quo
900 1548 979 1612 solis
1002 1549 1139 1635 fulgura
1164 1551 1320 1636 caelum).

370 1673 402 1737 A
427 1686 580 1758 tempore
606 1694 672 1736 nna
697 1674 909 1757 comparatio
933 1685 1067 1758 sumpta
1093 1687 1160 1740 est:
1186 1676 1320 1742 111832
1355 1698 1431 1741 con·

265 1782 369 1845 fertur
407 1781 442 1845 id
477 1793 629 1865 tempus,
672 1802 740 1865 quo
785 1780 875 1844 bello
910 1780 1040 1844 Punico
1076 1782 1243 1867 flagrante
1279 1784 1437 1870 legentes

261 1890 411 1970 nondum
436 1900 542 1971 erant,
568 1910 646 1951 cum
671 1909 712 1951 eo
736 1901 910 1971 tempore,
942 1909 1009 1973 quo
1034 1889 1188 1974 legentes
1211 1891 1277 1953 iam
1311 1893 1435 1955 mortui

263 2009 369 2060 erunt.

367 2121 441 2185 Hae
467 2123 740 2206 comparationes
768 2122 859 2206 apud
884 2120 1084 2185 Lucretium
1108 2124 1331 2186 inveniuntur.
1379 2124 1435 2187 Ex

262 2229 385 2314 quibus
422 2231 515 2314 quod
548 2230 635 2293 duae
672 2242 802 2294 tantum
839 2230 883 2293 ad
917 2229 1048 2294 fabulas
1072 2232 1253 2314 pertinent,
1278 2253 1345 2295 non
1370 2243 1435 2308 est,

262 2337 354 2423 quod
378 2337 547 2400 miremur.
595 2336 685 2401 Nam
710 2351 744 2401 et
769 2339 956 2401 carminum
981 2339 1122 2401 materia
1146 2338 1209 2401 illis
1233 2338 1438 2402 adhibendis

262 2447 397 2508 omnino
430 2444 501 2508 fere
530 2445 638 2507 aliena
668 2456 742 2508 erat
766 2457 799 2508 et
824 2458 928 2530 poeta
951 2446 1176 2529 perniciosam
1201 2446 1291 2508 illam
1316 2466 1432 2531 super-

262 2553 450 2628 stitionem,
486 2574 588 2637 quam
624 2553 788 2617 creabant
824 2552 975 2628 fabulae,
1012 2554 1139 2638 quippe
1176 2574 1263 2637 quae
1298 2553 1377 2616 iude
1413 2576 1435 2616 a

261 2661 375 2744 pueris
411 2661 584 2723 hominum
620 2672 750 2723 mentes
786 2672 956 2736 tenerent,
993 2660 1067 2743 ipso
1103 2660 1145 2723 de
1175 2673 1296 2723 natura
1321 2682 1433 2724 rerum

262 2768 411 2831 carmine
437 2780 594 2830 evertere
618 2767 786 2832 studebat.
826 2767 902 2830 Hae
927 2778 1040 2829 autem
1065 2767 1153 2830 duae
1178 2769 1274 2830 huius
1297 2769 1435 2853 generis

262 2875 552 2959 comparationes,
588 2895 673 2959 quas
697 2874 877 2938 Lucretius
900 2874 1051 2951 admisit,
1088 2886 1122 2938 et
1153 2875 1321 2958 simplices
1346 2887 1432 2956 sunt,

262 3004 347 3068 quas
371 2995 474 3067 poeta
499 3003 565 3045 non
592 2983 761 3066 copiosius
785 2982 982 3067 descripsit,
1006 2993 1040 3044 et
1065 2982 1188 3059 altera,
1213 3003 1300 3066 quae
1321 2981 1354 3044 V
1372 2983 1431 3052 117

261 3090 444 3167 invenitur,
479 3090 588 3152 minus
629 3111 671 3152 ex
708 3088 859 3153 Lucretii
896 3090 1007 3153 animo
1041 3089 1131 3152 facta
1165 3102 1216 3152 est
1251 3111 1352 3174 quam
1390 3111 1433 3152 ex

261 3196 431 3274 Memmii,
462 3220 564 3283 quem
593 3197 756 3282 religione
787 3198 995 3260 refrenatum
1027 3198 1116 3260 idem
1142 3197 1286 3259 immane
1311 3198 1435 3272 scelus,

262 3304 355 3390 quod
378 3306 535 3390 gigantes
558 3305 590 3367 in
616 3324 690 3367 sese
714 3315 954 3387 conceperant,
972 3325 1008 3367 se
1027 3315 1059 3366 et
1077 3325 1193 3367 onmes
1211 3304 1437 3379 committere,

262 3413 320 3499 qui
350 3412 480 3474 ratione
509 3423 808 3495 perscrutarentur
840 3410 1021 3485 mundum,
1047 3423 1168 3494 putare
1193 3423 1295 3495 poeta
1328 3410 1432 3495 fingit.

365 3520 554 3583 Maximam
589 3517 842 3580 similitudinum
878 3518 1027 3602 copiam,
1064 3530 1101 3580 ut
1137 3519 1259 3582 ceteris
1296 3538 1435 3603 quoque

261 3627 383 3712 poetis,
408 3626 571 3690 Lucretio
595 3626 826 3710 suppeditavit
850 3646 962 3690 rerum
986 3637 1117 3688 natura.
1165 3624 1236 3688 Has
1268 3624 1433 3709 imprimis

261 3747 366 3820 poeta
390 3733 528 3808 adres,
554 3754 639 3818 quas
664 3732 854 3808 tractabat,
884 3732 1099 3796 illustrandas
1123 3732 1315 3816 usurpavit,
1341 3730 1434 3816 quod

261 3842 308 3907 ita
333 3842 468 3918 effecit,
493 3853 529 3904 ut
554 3853 588 3904 et
611 3839 655 3903 ab
687 3840 726 3906 iis
750 3838 851 3903 rebus
875 3861 933 3903 eas
957 3851 1141 3924 repeteret,
1166 3860 1254 3925 quae
1279 3839 1439 3902 omnibus

262 3961 359 4013 erant
393 3949 588 4012 notissimae
624 3960 658 4010 et
687 3948 897 4032 aptissimam
932 3968 1102 4032 quamque
1134 3968 1204 4010 rem
1230 3968 1308 4010 cum
1331 3945 1434 4011 rebus

261 4057 464 4121 illustrandis
489 4067 718 4140 componeret.

366 4163 437 4229 Sed
460 4164 656 4249 priusquam
690 4162 733 4227 de
765 4162 1077 4249 comparationibus
1109 4163 1189 4247 ipsis
1222 4183 1376 4248 agamus,
1400 4161 1434 4223 in

262 4273 455 4335 universum
480 4271 514 4335 id
538 4291 677 4357 quoque
701 4290 916 4354 quaeramus,
940 4291 1026 4356 quas
1050 4269 1213 4354 imprimis
1243 4290 1298 4332 res
1329 4280 1435 4353 poeta

261 4378 574 4465 comparationibus
599 4377 824 4442 illustraverit.
865 4376 946 4453 Qua
969 4377 1003 4440 in
1027 4398 1064 4440 re
1088 4397 1150 4460 per
1174 4397 1210 4439 se
1228 4375 1443 4461 intellegitur
