3214 5024
652 1547 814 1648 Caput
841 1545 886 1623 Η.

289 1758 348 1823 Ad
379 1760 521 1822 alteram
552 1759 651 1823 huius
682 1758 926 1823 dissertationis
958 1771 1090 1843 partem
1114 1759 1303 1835 accedens,
1326 1761 1359 1822 in

183 1889 251 1952 qua
279 1867 539 1952 grammaticam
571 1866 863 1950 comparationum
887 1864 1169 1930 Lucretiaoarum
1195 1866 1360 1930 rationem

182 1974 351 2059 inquirere
375 1974 454 2036 mihi
471 1973 685 2059 propositum
702 1985 777 2050 est‚·
790 1995 861 2036 rem
879 1974 924 2036 ita
941 1973 1122 2058 instituam,
1148 1985 1184 2035 ut
1200 1973 1359 2057 primum,

182 2102 249 2166 quo
279 2081 382 2145 modo
421 2064 653 2145 similitudines
691 2080 912 2157 inducantur,
947 2101 1127 2165 quaeram,
1162 2080 1284 2143 deinde
1316 2081 1358 2144 de

180 2188 375 2264 verborum,
400 2210 487 2273 quae
512 2201 615 2273 poeta
639 2190 671 2252 in
697 2188 759 2250 illis
780 2186 945 2262 adhibuit,
969 2187 1180 2272 temporibus
1198 2201 1231 2251 et
1249 2188 1359 2251 modis

180 2294 301 2360 dicam.
347 2293 402 2357 Ex
432 2295 482 2358 his
513 2294 767 2379 quaestiouibus
794 2294 968 2358 Walserus
986 2301 1010 2373 ¹)
1042 2295 1190 2379 priorem
1222 2295 1288 2358 iam
1312 2295 1359 2358 ita

180 2402 357 2488 tractavit,
396 2413 433 2464 ut
463 2403 496 2464 in
529 2402 725 2465 universum
757 2403 867 2465 varias
899 2400 1041 2471 formas,
1081 2401 1203 2486 quibus
1234 2415 1360 2487 poetae

180 2510 267 2595 epici
283 2507 397 2573 Latini
421 2509 466 2573 ad
490 2510 765 2594 comparationes
788 2510 999 2573 inducendas
1016 2510 1067 2572 usi
1084 2523 1171 2585 sunt,
1196 2510 1361 2573 collectas

179 2617 211 2680 in
236 2617 390 2702 ordinem
421 2617 611 2702 digesserit.
658 2615 728 2680 Sed
760 2637 837 2680 cum
861 2616 930 2693 ille,
962 2617 1020 2702 qui
1044 2616 1253 2701 singulorum
1277 2637 1360 2700 poe-

179 2703 295 2787 tarum
315 2724 348 2784 in
372 2723 436 2787 hac
461 2745 497 2786 re
523 2744 601 2787 usus
626 2736 726 2799 esset,
750 2744 818 2787 non
843 2724 975 2807 dixerit,
1001 2723 1116 2786 inutile
1138 2744 1206 2786 non
1223 2723 1361 2788 videtur

182 2851 275 2906 esse,
300 2851 367 2915 qua
390 2830 521 2894 ratione
546 2829 728 2895 Lucretius
752 2831 892 2915 singulis
916 2831 999 2895 locis
1024 2831 1300 2915 comparationes
1325 2832 1357 2892 in

180 2938 369 3003 orationem
399 2937 595 3014 inseruerit,
626 2938 789 3002 indicare.
837 2938 913 3002 Hoc
945 2940 991 3001 ita
1024 2938 1168 3013 faciam,
1202 2948 1239 3000 ut
1271 2958 1359 3014 eum,

180 3064 281 3129 quem
306 3043 481 3108 Walserus
505 3057 641 3109 secutus
665 3058 731 3121 est,
763 3045 916 3108 ordinem
940 3056 1091 3121 teneam,
1124 3066 1192 3131 quo
1217 3043 1358 3120 facilius,

179 3172 264 3236 quas
305 3174 347 3215 ex
384 3152 538 3216 omnibus
569 3152 632 3216 illis
664 3153 813 3216 omnium
844 3165 1023 3236 poetarum
1054 3154 1229 3235 epicorum
1263 3150 1358 3215 Lati-

179 3280 299 3322 norum
325 3259 440 3323 formis
464 3259 645 3323 Lucretius
670 3261 895 3345 usurpaverit,
920 3259 1068 3344 intellegi
1093 3260 1211 3343 possit.

288 3367 342 3430 Ac
367 3368 511 3451 primum
537 3367 691 3452 quidem,
716 3388 794 3430 cum
818 3367 886 3430 duo
909 3387 1038 3453 genera
1063 3367 1356 3450 comparationum

180 3473 264 3547 sint,
297 3494 400 3535 unum
423 3475 642 3559 simplicium,
672 3495 760 3559 quae
785 3475 874 3537 omni
900 3485 1021 3538 ornatu
1046 3473 1150 3538 orbae
1174 3475 1377 3565 maximam⁴

179 3593 312 3664 partem
345 3601 412 3642 uno
445 3594 574 3645 tantum
609 3581 716 3645 verbo
748 3566 981 3658 continentur,
1014 3582 1156 3645 alterum
1187 3581 1360 3666 copiosius

179 3687 445 3772 descriptarum,
470 3688 664 3765 videamus,
689 3689 862 3775 quomodo
886 3690 1018 3773 priores
1042 3689 1118 3752 illae
1142 3689 1359 3753 inducantur.

287 3793 362 3858 Hae
387 3795 621 3859 similitudines
645 3796 678 3858 in
704 3807 835 3859 textum
859 3797 1050 3860 inseruntur

285 3900 313 3979 1)
338 3900 627 3966 substantivis:

234 4012 263 4087 l)
288 4008 354 4071 ritu
378 4008 496 4071 11102
522 4009 554 4072 V
576 4010 646 4079 117.

230 4118 265 4199 2)
289 4137 382 4180 more
407 4116 441 4181 V
458 4117 522 4180 932
547 4116 598 4181 Vl
619 4118 687 4182 198.

239 4312 266 4379 1)
286 4312 348 4364 ‘Zur
373 4312 505 4367 formales
529 4313 596 4367 scite
619 4316 665 4367 des
689 4314 863 4381 gleiehnisses
888 4314 929 4368 bei
954 4314 1005 4366 den
1025 4313 1202 4368 lateinischen
1222 4314 1356 4368 ‹lichtem'

178 4400 348 4466 (zeitschrift
365 4402 411 4456 fiir
429 4403 473 4458 die
493 4403 735 4462 osterreiohisehen
755 4406 923 4471 gymnasien.
963 4403 1031 4457 1878
1049 4419 1074 4471 p.
1086 4404 1249 4468 sus—607.)
