3214 5024
556 378 860 460 «27-

157 597 275 651 cetera
308 585 341 648 in
374 582 528 647 manibus
559 603 627 646 non
650 581 831 662 haberetl,
861 596 895 649 et
919 606 1004 671 quos
1028 607 1048 649 a
1072 587 1183 672 primo
1208 578 1338 653 editore

159 691 267 757 textui
292 692 438 756 insertos
463 712 538 755 esse
562 690 654 755 dicit.

267 798 514 884 interpolatum
547 819 623 862 esse
653 809 762 862 totum
786 800 877 864 hunc
902 799 1033 877 locum,
1058 802 1137 885 quia
1161 801 1266 866 multa
1290 804 1339 866 in-

159 907 225 971 sint
258 907 291 969 in
322 906 373 970 his
406 904 578 982 versibus,
614 904 736 991 quibus
760 907 995 984 offendamur,
1020 920 1138 973 censet
1162 908 1338 974 Gneissius

161 1013 195 1099 (l.
213 1013 233 1077 l.
249 1034 284 1098 p.
303 1012 369 1095 51).
426 1011 498 1077 Sed
536 1014 580 1089 is,
615 1034 691 1078 cum
734 1035 859 1077 nexum
890 1015 1133 1079 sententiarum
1163 1007 1239 1081 non'
1260 1038 1339 1102 per-

158 1121 327 1206 spexisset
352 1132 386 1184 et
412 1141 529 1184 versus
552 1119 597 1184 ab
621 1120 867 1206 interpolatore
891 1122 1006 1207 aliq'uo
1031 1123 1076 1187 ad
1092 1124 1337 1189 antecedentes

159 1228 246 1292 male
278 1227 455 1312 appositos
486 1248 559 1291 esse
589 1238 745 1312 putaret,
776 1249 887 1314 neque
919 1230 1031 1293 omnia
1055 1242 1147 1294 recte
1172 1231 1338 1317 interpre-

159 1347 250 1399 tatus
282 1347 333 1399 est
364 1353 475 1420 neque
507 1337 579 1398 iure
610 1336 644 1398 in
676 1334 816 1420 singulis
857 1335 1010 1400 versibus
1041 1337 1192 1402 offendit.
1246 1338 1338 1403 Nam

159 1444 307 1527 primum
332 1441 424 1528 quod
449 1440 556 1506 verba
581 1453 615 1506 et
639 1463 757 1506 versus
781 1464 848 1506 non
874 1444 1063 1528 composita
1087 1465 1161 1508 esse
1186 1445 1269 1510 dicit
1294 1468 1337 1510 ex

160 1549 286 1612 variis
302 1548 525 1635 generibus
542 1548 742 1622 litterarum,
759 1570 847 1634 quae
865 1570 942 1613 cum
959 1552 1060 1614 variis
1072 1552 1338 1636 primordiorum
1358 1558 1361 1567 ’

157 1656 356 1742 generibus,
389 1678 431 1720 ex
464 1655 587 1742 quibus
618 1656 770 1742 singulae
804 1678 859 1720 res
891 1669 1067 1735 constant,
1105 1659 1337 1737 conferuntur,

159 1763 343 1849 Briegerus
377 1763 487 1844 (Burs.
511 1764 610 1827 anall.
640 1763 722 1834 1879
747 1787 780 1849 p.
800 1766 879 1845 201>
907 1787 1034 1850 genera
1069 1768 1254 1831 litterarum
1286 1781 1337 1833 tot

161 1892 236 1934 esse
272 1883 364 1934 recte
397 1871 495 1946 dicit,
520 1884 604 1957 quot
637 1872 703 1935 sint
734 1871 874 1939 litterae.
925 1873 1056 1937 Deinde
1080 1888 1174 1938 recte
1200 1876 1337 1961 quidem

163 1977 337 2041 Gneissius
369 1979 494 2055 „inter
527 2000 569 2041 se
600 1979 665 2042 alia
690 2000 731 2042 ex
758 1979 830 2042 aliis
855 1979 1029 2044 elementis
1053 1991 1232 2046 constare“
1258 1984 1337 2046 nihil

161 2105 236 2148 esse
273 2086 370 2159 dicit3
407 2086 469 2149 sed
504 2086 584 2148 illud
620 2088 728 2162 „inter
761 2094 819 2149 se“
855 2087 1014 2171 imprimis
1048 2090 1092 2151 ad
1125 2111 1264 2165 „versus
1295 2111 1337 2154 ac

160 2192 287 2256 verba“
313 2193 528 2257 referendum
553 2206 620 2276 est,
646 2215 733 2278 quae
759 2196 845 2258 inter
869 2216 905 2257 se
930 2209 1130 2280 comparata
1154 2197 1335 2271 differunt3

157 2320 236 2362 nam
268 2286 557 2377 antea'v.688,9
590 2300 811 2365 conferuntur
845 2301 977 2387 singula
1008 2324 1165 2366 versuum
1197 2316 1231 2368 et
1263 2326 1337 2368 ver-

158 2405 279 2469 borum
316 2407 503 2483 elementa,
544 2429 587 2470 ex
624 2407 745 2493 quibus
781 2407 886 2472 multa
921 2409 983 2473 illis
1020 2412 1212 2474 communia
1249 2424 1335 2478 sunt.

156 2511 289 2576 Eodem
323 2515 424 2578 modo
457 2514 560 2599 paulo
591 2529 669 2599 post
705 2537 735 2578 v.
754 2515 882 2602 695sq.
920 2537 974 2580 res
1010 2517 1113 2580 multa
1148 2518 1336 2603 primordia

157 2622 346 2684 communia
370 2621 515 2697 habere,
544 2623 605 2686 sed
629 2623 777 2686 dissimili
801 2623 888 2686 inter
911 2644 948 2687 se
972 2625 1159 2688 consistere
1183 2647 1336 2690 summa

157 2748 259 2812 posse
294 2729 463 2793 dicuntur.
511 2727 715 2805 Praeterea,
740 2731 832 2815 quod
856 2729 1033 2795 Gneissius
1064 2732 1239 2796 enuntiato
1267 2733 1337 2818 pri-

158 2835 264 2898 mario
296 2836 423 2911 „multa
458 2835 625 2900 elementa
650 2838 745 2901 vides
770 2837 882 2901 multis
907 2839 1099 2902 communia
1125 2839 1257 2904 verbis“
1283 2863 1337 2905 se·

157 2941 356 3006 cundarium
384 2964 523 3019 „versus
554 2965 596 3008 ac
620 2944 727 3009 verba
750 2966 891 3009 necesse
916 2958 967 3008 est
992 2946 1175 3011 confiteare
1200 2947 1266 3012 alia
1291 2970 1334 3012 ex

156 3049 229 3112 aliis
262 3062 418 3114 constare
451 3050 648 3115 elementis“
680 3073 871 3138 repugnare
904 3052 1004 3127 dicit,
1037 3074 1112 3116 cum
1145 3076 1262 3118 versus
1292 3076 1336 3119 ac

158 3156 275 3232 verba,
300 3177 387 3241 quae
412 3158 477 3221 alia
499 3180 541 3221 ex
558 3159 631 3221 aliis
648 3159 824 3223 elementis
841 3171 1009 3235 constant,
1034 3161 1124 3224 nulla
1142 3163 1335 3226 communia

157 3264 325 3327 elementa
358 3265 444 3327 inter
475 3286 511 3328 se
536 3264 702 3342 habeant,
726 3265 890 3351 Briegero
916 3271 1078 3330 assentior
1103 3268 1227 3332 dicenti
1252 3269 1334 3333 illud

159 3372 246 3448 „alia
271 3393 314 3434 ex
339 3372 410 3435 aliis
435 3381 613 3437 constare“
637 3394 703 3436 non
730 3395 804 3437 eam
831 3375 896 3436 vim
921 3372 1064 3449 habere,
1091 3388 1125 3438 ut
1150 3397 1267 3442 versus
1291 3398 1331 3441 ac

157 3479 261 3542 verba
301 3500 342 3541 ex
382 3479 536 3543 omnibus
574 3481 646 3543 aliis
685 3480 858 3547 elementis
890 3494 1056 3550 constent.
1113 3482 1205 3546 Idem
1240 3497 1332 3548 recte

157 3588 262 3649 verba
298 3587 352 3650 illa
384 3587 416 3649 in
448 3608 548 3650 versu
581 3588 644 3650 092
678 3589 890 3670 „communis
917 3589 1029 3652 littera
1062 3599 1218 3666 currat“,
1243 3612 1331 3676 quae

155 3693 237 3757 mire
270 3694 452 3758 coniuncta
481 3715 554 3757 esse
579 3693 755 3759 Gneissius
779 3696 878 3766 dicit,
912 3696 956 3760 ab
986 3696 1229 3782 interpolatore
1252 3719 1333 3783 pro·

154 3800 249 3864 fecta
282 3821 355 3864 esse
393 3823 460 3865 non
493 3802 670 3865 verisimile
700 3802 805 3867 videri
831 3816 958 3867 censet.
1005 3803 1095 3867 Tum
1121 3825 1162 3867 ne
1187 3803 1231 3868 ob
1256 3827 1332 3870 earn

153 3907 292 3992 quidem
324 3930 395 3972 rem
425 3908 672 3972 offendendum
698 3930 774 3973 esse
798 3909 960 3987 arbitror,
985 3911 1076 3995 quod
1102 3909 1275 3976 Gneissius
1298 3913 1331 3976 in

154 4014 281 4079 circulo
298 4016 426 4079 versari
444 4017 525 4079 dicit
542 4017 629 4081 hanc
651 4018 994 4102 argumentationem:
1020 4018 1147 4094 „multa
1164 4019 1330 4083 elementa

154 4123 267 4186 multis
292 4122 405 4187 verbis
429 4124 621 4187 communia
646 4135 738 4200 sunt,
768 4145 845 4189 cum
870 4146 987 4189 versus
1011 4136 1045 4189 et
1069 4124 1174 4190 verba
1198 4125 1263 4189 alia
1287 4148 1331 4190 ex

153 4229 226 4294 aliis
251 4243 409 4295 constent
434 4231 619 4309 elementis,
645 4253 711 4296 non
736 4253 804 4316 quo
828 4254 896 4296 non
920 4253 1023 4317 saepe
1049 4234 1240 4298 communia
1265 4235 1331 4298 sint

153 4337 353 4402 elementa“.
400 4338 489 4402 Nam
522 4338 621 4416 illud,
654 4338 745 4424 quod
777 4362 808 4403 v.
834 4339 942 4416 688,9
977 4340 1127 4416 dixerat,
1151 4352 1254 4425 poeta
1278 4363 1331 4405 re·
