3214 5024
641 396 859 457 ..13-

165 595 283 670 tinent‚
309 592 393 656 locis
418 591 701 676 comparationes,
725 589 849 675 quibus
873 592 987 667 utitur,
1013 612 1083 653 rem
1110 604 1345 677 comparatam

167 700 290 765 eodem
314 700 416 763 modo
441 698 618 774 illustrant,
643 700 689 762 ita
713 712 750 761 ut
775 697 865 761 nulla
890 698 1071 762 similitudo
1095 700 1205 783 magis
1230 699 1343 763 valcat

165 808 210 871 ad
240 829 312 871 rem
338 805 590 871 dilucidandam
615 826 717 891 quam
751 817 907 881 ceterae,
932 804 1134 891 quibuscum
1159 808 1344 870 coniuncta

165 926 228 978 est.
260 917 293 979 ΙΙ
313 915 370 984 741
407 925 522 977 autem
551 912 704 976 adhibita
728 913 795 976 iam
819 913 1086 997 comparatione,
1111 934 1200 999 quae
1225 912 1268 977 ab
1293 914 1343 990 iis,

165 1022 222 1108 qui
250 1022 426 1085 oculorum
450 1020 574 1083 lumine
598 1021 672 1084 orbi
696 1031 784 1096 sunt,
808 1020 954 1104 repetita
979 1032 1063 1096 erat,
1087 1033 1190 1105 poeta
1214 1020 1345 1086 addidit

164 1129 317 1205 alteram,
343 1149 410 1214 qua
435 1128 553 1190 melius
578 1129 680 1190 etiam
705 1127 750 1204 id,
777 1127 870 1212 quod
895 1126 1162 1204 demonstrabat,
1188 1149 1346 1214 compro-

148 1235 246 1299 bare
270 1248 418 1320 poterat.
464 1235 553 1299 Nam
585 1256 645 1298 nos
669 1256 806 1298 omnes
831 1236 965 1310 „caecis
990 1255 1226 1320 quaecumque
1251 1248 1345 1300 tene·

165 1342 233 1407 bris
264 1342 452 1428 tangimus,
485 1342 577 1405 haud
601 1341 669 1405 ullo
700 1342 991 1406 sentimus·tincta
1016 1343 1163 1408 colore“.
1211 1342 1344 1407 Eodem

168 1450 271 1513 modo
296 1462 399 1534 poeta
425 1450 538 1518 11317
557 1469 644 1535 sqq,
669 1471 737 1535 quo
762 1448 838 1512 loco
862 1449 1049 1533 primordia
1066 1450 1187 1513 eadem
1204 1450 1247 1514 de
1265 1471 1345 1515 cau-

165 1579 203 1621 sa
247 1542 358 1620 motus
394 1557 506 1620 celare
531 1556 633 1632 dicit,
665 1577 734 1641 qua
766 1577 825 1632 ea,
850 1577 962 1641 „quae
992 1558 1160 1641 possimus
1193 1579 1344 1634 cernere,

165 1666 276 1728 celent
310 1685 415 1749 saepe
451 1677 564 1727 tamen
599 1675 729 1740 motuS,
765 1664 878 1748 spatio
914 1663 1053 1727 diducta
1077 1664 1270 1740 locorum“,
1299 1665 1344 1728 ad

166 1774 314 1858 priorem
346 1772 548 1856 imaginem,
580 1791 662 1857 qua,
697 1792 906 1856 quamquam
937 1771 1088 1854 pecudes
1120 1772 1153 1834 in
1189 1772 1277 1836 colle
1308 1794 1344 1835 se

133 1868 138 1875 ’
165 1892 342 1943 moverent
374 1892 408 1942 et
439 1879 613 1954 ludorum,
638 1879 751 1942 omnia
775 1891 888 1941 tamen
913 1894 1016 1962 saepe
1043 1878 1134 1942 velut
1158 1879 1344 1943 candorem

166 1989 199 2049 in
234 1986 328 2049 viridi
362 1985 447 2050 colle
471 1987 655 2049 consistere
680 1986 776 2061 dicit,
807 1985 949 2049 alteram
973 1985 1087 2063 addit,
1112 2009 1180 2072 qua
1205 1987 1239 2051 id
1264 2009 1345 2072 quo·

165 2114 231 2179 que
263 2093 335 2156 fieri
359 2113 460 2178 posse
485 2093 586 2169 dicit,
621 2106 656 2157 ut
680 2115 722 2157 ne
747 2092 1055 2157 turbulentissimus
1079 2094 1216 2183 quidem
1240 2095 1345 2180 legio·

164 2223 244 2264 num
269 2213 302 2264 et
327 2200 478 2285 equitum
502 2213 612 2264 motus
637 2213 916 2285 cognosceretur,
941 2200 1003 2263 sed
1028 2201 1072 2263 illi
1095 2215 1186 2265 stare
1204 2202 1236 2264 in
1254 2223 1346 2265 cam-

164 2310 217 2393 pis
241 2308 448 2371 viderentur.

273 2432 396 2496 Restat
432 2433 464 2495 in
499 2435 565 2496 hac
600 2446 717 2518 parte,
753 2446 789 2496 ut
823 2433 865 2496 de
900 2432 1034 2497 duobus
1066 2455 1109 2496 ex
1142 2435 1181 2497 iis
1206 2455 1343 2519 quoque

165 2541 248 2604 locis
273 2540 436 2615 dicamus,
461 2540 583 2625 quibus
608 2541 839 2603 similitudines
865 2540 1057 2624 complures
1082 2542 1127 2604 ita
1152 2541 1343 2605 collocatae

165 2659 262 2718 sunt,
295 2660 331 2710 ut
364 2648 456 2710 nulla
485 2648 572 2710 inter
605 2669 663 2710 eas
696 2649 852 2711 emineat.
900 2646 978 2711 Uno
1011 2648 1099 2710 enim
1124 2649 1200 2712 loco
1226 2670 1268 2712 ex
1293 2650 1345 2712 his

167 2757 201 2820 II
224 2756 235 2816 1
257 2775 329 2839 sqq.
361 2754 449 2817 duae
475 2755 764 2839 comparationes.
789 2776 873 2840 quas
898 2755 1079 2819 Lucretius
1103 2755 1265 2841 adhibuit,
1290 2778 1343 2819 ar·

165 2863 250 2925 tiore
282 2861 431 2946 quodam
457 2861 593 2925 viuculo
619 2882 771 2925 conexae
797 2863 955 2926 videntur
979 2884 1064 2928 esse.
1114 2862 1215 2939 Nam,
1241 2884 1344 2948 quam

165 2968 343 3053 praeclara
373 2969 415 3031 sit
446 2969 648 3053 sapientium
678 2969 766 3045 vita,
799 2990 875 3032 cum
901 2971 995 3033 vanis
1020 2970 1082 3033 illis
1107 2972 1196 3034 curis
1222 2970 1343 3056 quibus
1413 3001 1417 3010 ·

165 3076 318 3161 plerique
343 3076 495 3139 homines
519 3075 694 3153 laborant,
718 3076 844 3140 liberos
868 3099 904 3140 se
931 3099 1004 3141 esse
1028 3079 1213 3163 gaudeant,
1239 3099 1344 3162 prop-

165 3195 259 3247 terea
284 3205 352 3248 non
376 3183 484 3248 altera
508 3195 639 3246 tantum
665 3186 938 3268 comparatione,
973 3186 1034 3249 sed
1059 3197 1203 3271 utraque
1228 3186 1284 3248 illa
1309 3198 1343 3248 et

166 3315 186 3353 a
211 3292 377 3355 maritima
403 3306 436 3355 et
461 3314 481 3355 a
504 3292 637 3353 militari
664 3315 698 3354 re
723 3308 858 3377 sumpta
883 3294 1037 3366 illustrat,
1063 3294 1155 3377 quod
1173 3294 1236 3355 hae
1254 3293 1342 3356 duae

165 3400 327 3484 imprimis
361 3422 414 3463 res
447 3399 638 3463 hominibus
663 3422 810 3464 summos
836 3401 987 3478 labores,
1019 3402 1098 3486 quin
1125 3402 1226 3464 etiam
1253 3401 1344 3463 vitae

166 3509 353 3591 periculum
391 3507 565 3572 creabant.
614 3508 735 3571 Altero
774 3509 849 3572 loco
882 3510 1158 3592 comparationes
1194 3511 1239 3572 ita
1277 3531 1343 3572 non

157 3617 252 3678 'inter
275 3637 311 3678 se
337 3617 531 3691 concinunt,
557 3631 592 3677 ut
617 3617 673 3678 vix
697 3638 716 3679 a
740 3628 845 3700 poeta
870 3617 1081 3699 compositae
1106 3638 1179 3679 esse
1204 3616 1344 3679 videan-

166 3734 220 3786 tur
243 3723 274 3785 ΙΙ
295 3724 415 3808 l9lsq.
451 3735 485 3786 et
521 3723 677 3808 lnosqq..
732 3722 784 3786 De
819 3743 887 3808 quo
912 3725 989 3787 loco
1014 3743 1090 3787 cum
1114 3723 1217 3808 paulo
1242 3743 1345 3787 accu-

164 3831 270 3893 ratius
305 3830 489 3895 dicendum
525 3830 585 3905 sit,
609 3850 727 3894 omnes
763 3852 881 3894 versus
913 3830 991 3894 inde
1027 3853 1047 3894 a
1081 3831 1139 3893 184
1165 3831 1341 3916 usquead

165 3938 231 3998 200
248 3937 409 4015 afferam:

169 4063 238 4127 181.
264 4062 377 4128 ‘Nunc
401 4064 496 4128 locus
521 4078 587 4141 est,
616 4077 652 4128 ut
677 4068 812 4148 opinor,
837 4063 868 4124 in
893 4064 946 4126 his
971 4063 1052 4126 illud
1077 4084 1214 4149 quoque
1240 4062 1342 4127 rebus
1413 4110 1421 4119 .

169 4170 239 4234 185.
266 4171 467 4235 confirmare
492 4172 552 4236 tibi
576 4171 701 4235 nullam
726 4191 798 4234 rem
822 4191 923 4253 posse
949 4172 1066 4234 suavi

265 4299 468 4363 corpoream
492 4301 623 4343 sursum
649 4278 726 4342 ferri
751 4297 950 4362 sursumque
975 4298 1105 4341 meare:

265 4406 307 4449 ne
332 4386 393 4449 tibi
418 4385 501 4450 dent
524 4387 556 4449 in
582 4407 623 4450 eo
647 4386 860 4449 flammarum
885 4405 1031 4469 corpora
1055 4385 1222 4448 fraudem.
