3214 5024
660 377 879 441 -.45-

184 582 307 668 legisse
328 579 391 643 sed
414 601 457 643 ex
481 576 621 662 Epicuri
646 575 781 660 scriptis
806 596 973 660 cognosse
998 574 1199 654 arbitratur,
1225 580 1361 644 omnino

185 712 252 753 non
270 687 449 752 verisimile
466 687 599 749 videtur
618 705 703 747 esse.
730 683 886 769 Denique
902 683 1002 747 Ennii
1018 685 1200 760 annalium,
1218 709 1362 772 quorum

184 797 297 862 studio
314 796 513 859 Lucretium
537 792 635 856 enixe
660 813 697 854 se
714 791 848 854 dedisse
867 789 1075 855 creberrima
1092 793 1247 879 vestigia,
1272 817 1361 881 quae

183 905 310 991 passim
344 905 376 966 in
410 914 482 966 toto
512 899 661 964 carmine
686 899 918 976 inveniuntur,
942 899 1145 977 ostendunt,
1170 900 1362 987 fragmenta

185 1025 315 1076 tantum
340 1022 482 1074 exstant.

291 1118 411 1194 Quare
428 1117 463 1179 id
479 1114 642 1199 imprimis
660 1115 832 1200 agendum
849 1126 912 1190 est,
936 1127 983 1191 ut,
1008 1137 1092 1200 quas
1109 1116 1252 1179 aliorum
1270 1137 1363 1181 com-

183 1227 378 1312 parationes
395 1223 593 1288 Lucretium
617 1234 676 1284 aut
700 1222 865 1285 imitatum
889 1234 947 1285 aut
964 1234 1153 1285 mutuatum
1170 1245 1244 1287 esse
1260 1226 1362 1287 etiam

183 1355 274 1397 nunc
310 1331 535 1396 demonstrari
570 1330 695 1414 possit,
732 1329 917 1392 videamus.
964 1328 1045 1404 Qua
1080 1330 1113 1392 in
1150 1352 1185 1394 re
1216 1333 1362 1416 primum

184 1441 258 1504 usui
290 1441 368 1504 mihi
399 1440 481 1515 fuit,
513 1437 606 1522 quod
629 1436 754 1499 Munro
779 1437 812 1499 in
836 1436 1112 1501 adnotationibus
1137 1440 1204 1501 suis
1227 1439 1272 1502 ad
1296 1441 1363 1503 sin-

183 1550 282 1636 gulos
314 1548 608 1632 comparationum
640 1545 734 1608 locos
766 1565 824 1608 eos
855 1545 997 1607 aliorum
1028 1559 1209 1630 poetarum
1232 1569 1361 1625 versus,

184 1678 269 1743 quos
286 1655 468 1720 Lucretius
492 1667 571 1716 ante
596 1653 714 1717 oculos
738 1650 895 1716 habuisse
920 1652 1064 1729 videtur,
1089 1653 1219 1728 attulit;
1245 1676 1363 1740 quam-

184 1786 286 1849 quam
311 1784 379 1826 non
403 1782 520 1825 omnes
544 1762 617 1845 ipse
643 1760 792 1845 collegit,
816 1759 878 1822 sed
899 1761 1040 1824 aliorum
1058 1781 1175 1845 opera,
1199 1761 1361 1846 imprimis

183 1870 359 1953 Lambini,
385 1870 441 1955 qui
465 1868 593 1952 primus
618 1868 696 1931 huic
721 1868 769 1930 rei
793 1867 932 1944 studuit,
957 1868 1092 1932 adiutus
1117 1882 1178 1935 est.
1226 1868 1360 1934 Deinde

184 1978 266 2063 quid
298 1977 434 2041 omnino
458 1976 568 2040 Ennio
592 1975 773 2039 Lucretius
804 1975 978 2053 debuerit,
1009 1975 1209 2063 Pulligius1)
1234 1978 1360 2043 docuit.

182 2085 358 2170 Denique,
399 2106 476 2148 cum
519 2084 649 2168 aliquot
688 2105 731 2147 ex
771 2082 924 2147 Lucretii
964 2084 1277 2167 comparationibus
1316 2085 1361 2149 ad

183 2206 296 2257 certas
321 2193 487 2277 quasdam
512 2192 695 2265 dictioneS,
720 2212 808 2275 quae
833 2191 866 2251 in
889 2191 1062 2274 proverbii
1089 2191 1157 2255 lere
1182 2208 1363 2256 consuetu-

182 2301 295 2364 dinem
320 2311 505 2374 venerant‚
529 2298 690 2372 redeant,
714 2318 803 2381 quae
828 2298 894 2360 huc
918 2299 1129 2381 pertineant,
1155 2320 1197 2362 ex
1222 2300 1361 2364 Ottonis

182 2408 266 2472 libro
291 2407 335 2470 de
359 2404 550 2490 proverbiis
574 2405 844 2485 Romanorum2)
869 2405 1086 2491 intellegitur.

291 2516 360 2579 lam
395 2525 432 2576 ut
462 2512 608 2598 primum
641 2512 833 2588 videamus,
867 2533 951 2597 quas
985 2514 1258 2597 comparationes
1290 2514 1362 2577 Lu-

183 2623 308 2685 cretius
332 2623 405 2684 aliis
430 2621 640 2706 philosophis
665 2620 801 2695 debeat,
826 2620 918 2704 apud
932 2619 1117 2704 Epicurum
1141 2621 1226 2684 duas
1247 2622 1362 2684 simili·

183 2729 335 2805 tudines,
367 2727 489 2813 quibus
513 2741 634 2812 postea
657 2728 840 2792 Lucretius
865 2749 942 2791 usus
967 2741 1036 2804 est,
1060 2728 1229 2793 adhibitas
1253 2730 1360 2794 luisse

183 2848 278 2900 certo
303 2856 512 2920 cognoscere
537 2835 626 2900 licet.

289 2943 446 3019 Quarum
471 2942 577 3005 altera
603 2953 654 3005 est
678 2943 851 3019 desumo,
876 2964 979 3030 quam
996 2942 1178 3007 Lucretius
1194 2943 1359 3022 adhibuit,

182 3063 230 3128 ut,
254 3073 322 3137 qua
346 3050 477 3114 ratione
501 3051 636 3113 homine
662 3063 797 3115 mortuo
821 3051 932 3115 anima
949 3051 1192 3115 dissolveretur
1208 3052 1241 3115 in
1258 3075 1359 3117 auras

180 3159 323 3222 doceret
358 3158 486 3222 lllle
520 3170 553 3220 et
579 3157 651 3221 583.
698 3157 798 3222 Hanc
829 3158 1079 3223 similitudinem
1109 3160 1360 3246 pervulgatam,

181 3288 283 3350 quam
311 3266 478 3330 Homerus
503 3266 579 3347 iam,
606 3266 759 3352 quamvis
783 3287 851 3329 non
868 3267 968 3350 plane
986 3267 1107 3330 eodem
1125 3268 1236 3338 modo.
1262 3290 1360 3331 usur-

181 3375 276 3456 pavit
301 3374 335 3438 ll.
362 3385 389 3457 ψ
416 3375 488 3450 100,
514 3373 711 3436 translatam
738 3394 812 3436 esse
837 3395 879 3436 ex
903 3373 1044 3459 Epicuri
1068 3376 1204 3460 scriptis
1229 3377 1359 3440 intelle-

179 3483 271 3566 gitur
295 3503 337 3544 ex
362 3481 459 3544 Sexti
482 3481 560 3545 adv,
579 3482 680 3544 math.
699 3480 761 3561 lX,
780 3481 841 3550 72:
875 3479 924 3563 (αἱ
951 3484 1068 3565 ψυχαὶ)
1093 3478 1160 3568 οὐχ,
1186 3476 1225 3554 ὡς
1248 3480 1360 3563 ἔλεγεν

181 3583 198 3650 ὁ
234 3582 442 3671 Ἐπίκουρος,
483 3585 709 3652 ἀπολυθεῖσαι
746 3593 812 3652 τῶν
849 3587 1010 3669 ceraticum
1052 3587 1205 3653 κάπνου
1242 3592 1359 3676 δίκην

179 3697 378 3762 cattinum.

287 3802 407 3866 Altera
439 3805 650 3887 comparatio
680 3815 792 3867 exstat
821 3805 852 3865 in
878 3804 1080 3889 fragmentis
1104 3803 1180 3868 libri
1205 3804 1256 3867 XI
1279 3807 1358 3888 περὶ

179 3906 304 3992 φύσεως
336 3910 579 3988 (Herculvoll.
598 3923 620 3975 t.
638 3909 668 3974 ΙΙ
692 3933 715 3994 p
742 3911 818 3996 37),
850 3933 918 3996 quo
949 3911 1026 3975 loco
1049 3924 1144 3974 recte
1169 3911 1357 3998 Woltjerus

178 4018 214 4099 (1.
233 4017 301 4101 lp.
324 4018 398 4098 124)
432 4039 450 4081 e
491 4018 585 4081 lineis
621 4019 815 4095 18‚19,2o
854 4040 1021 4103 apparere
1055 4019 1138 4083 dicit
1170 4017 1358 4102 Epicurum

182 4156 201 4161 *A
240 4154 325 4259 lira
340 4196 445 4263 Pullig:
467 4195 563 4248 ‘Ennio
582 4196 646 4262 quid
665 4195 789 4250 debuerit
809 4196 959 4249 Lucretius'
979 4196 1056 4249 Hulis
1076 4198 1209 4249 Saxonum
1230 4196 1308 4250 1888.

238 4287 266 4355 2)
286 4287 318 4338 A.
339 4285 417 4338 Otto:
443 4287 502 4339 ‘Die
528 4286 725 4353 sprtichwdrter
748 4286 802 4339 und
828 4287 1083 4353 sprtichw‘ortliehon
1108 4286 1285 4339 redensarteu
1311 4285 1358 4339 der

178 4374 283 4429 Romor'
302 4375 414 4443 Leipzig
434 4378 511 4431 1890.
