3214 5024
650 402 875 464 ..11-

176 599 357 663 maximam
396 598 649 662 similitudinum
691 598 826 683 copiam
866 596 1073 661 cumulatam
1106 618 1180 660 esse
1218 597 1263 660 ad
1296 618 1355 661 eas

174 729 239 790 res,
264 727 352 791 quae
376 706 409 769 in
421 705 562 790 Epicuri
587 705 742 769 doctrina
767 704 903 768 maximi
928 705 1088 768 momenti
1113 717 1209 768 erant
1227 717 1261 768 et
1278 726 1354 768 eam

177 813 222 879 ob
247 835 383 877 causam
408 814 554 876 maxime
578 814 611 878 in
635 824 708 877 toto
730 813 878 897 carmine
896 812 1091 896 descriptae
1108 825 1213 877 erant.
1262 812 1353 875 Inter

146 932 149 937 '
178 942 262 1007 quas
295 921 441 1005 primum
475 921 589 984 locum
613 932 707 985 tenet
730 931 921 983 atomorum
945 919 1112 995 doctrina,
1137 941 1204 1006 qua
1229 921 1351 996 omnia,

175 1050 263 1114 quae
303 1027 484 1091 Lucretius
531 1028 682 1113 profert,
733 1026 874 1091 fundata
912 1039 1016 1112 atque
1055 1027 1204 1091 stabilita
1243 1039 1354 1096 erant.

177 1135 336 1212 Quarum
353 1148 519 1218 naturam,
539 1156 633 1221 ⁴quae
658 1156 760 1221 quam
784 1135 930 1198 maxime
954 1134 999 1198 ab
1024 1134 1130 1198 oculis
1154 1136 1277 1199 nostris
1302 1156 1352 1198 re-

175 1255 268 1306 mota
292 1256 354 1318 est,
379 1243 412 1305 in
436 1242 543 1305 altero
568 1243 730 1327 imprimis
754 1241 840 1306 libro
864 1241 976 1306 multis
1001 1254 1035 1306 et
1058 1218 1242 1327 perlucidis
1260 1263 1353 1306 com-

176 1348 412 1435 parationibus
446 1350 493 1413 ita
528 1349 723 1426 illustravit,
757 1357 813 1426 ut,
846 1349 938 1435 quod
972 1352 1046 1434 ipse
1079 1350 1122 1413 de
1152 1370 1188 1413 se
1213 1348 1296 1414 dicit
1320 1349 1353 1412 in

175 1456 250 1521 libri
281 1456 328 1520 Ill
360 1457 452 1520 initio
490 1456 631 1541 Epicuri
664 1478 769 1541 opera
803 1457 919 1520 videre
948 1478 985 1520 se
1018 1469 1126 1520 totum
1168 1478 1230 1541 per
1254 1458 1353 1520 inane

176 1586 230 1628 res
254 1566 338 1650 geri,
362 1564 452 1627 idem
475 1586 538 1627 nos
562 1565 677 1628 dicere
701 1564 869 1648 possimus
893 1563 979 1627 illius
1000 1564 1148 1628 dilucida
1164 1564 1354 1628 illustrandi

176 1672 307 1735 ratione
332 1671 447 1736 adiuti.
494 1671 575 1735 Non
600 1671 764 1735 minorem
788 1672 1081 1756 comparationum
1098 1693 1276 1735 numerum
1293 1671 1354 1734 ad-

174 1779 282 1842 hibuit
315 1778 364 1841 ad·
393 1779 493 1841 animi
525 1779 726 1863 animaeque
752 1791 907 1842 naturam
930 1777 1183 1854 illustrandam,
1218 1778 1261 1841 de
1286 1800 1353 1863 qua

174 1887 246 1970 agit
271 1887 304 1948 in
329 1887 427 1948 tertio
452 1885 548 1951 libro,
1200 1866 1206 1877 ¹

281 2010 413 2074 Deinde
451 2012 643 2096 complures
676 2012 949 2096 comparationes
980 2026 1161 2096 usurpatas
1196 2033 1270 2075 esse
1303 2013 1353 2074 in-

176 2119 347 2195 venimus,
384 2130 436 2193 ut,
473 2120 646 2204 quomodo
680 2119 826 2183 nubibus
857 2120 983 2182 tonitru
1008 2114 1186 2192 efficiatur,
1212 2119 1352 2182 demon-

174 2238 309 2289 stretur.
357 2225 427 2289 Sed
460 2227 513 2288 hic
537 2238 722 2310 propterea
747 2227 941 2310 complures
966 2227 1198 2290 similitudines
1222 2227 1354 2291 adhibi-

175 2345 229 2396 tae
261 2345 356 2409 sunt,
389 2333 482 2418 quod
507 2333 705 2409 Lucretius,
739 2335 865 2418 quippe
894 2335 952 2419 qui
976 2334 1008 2396 in
1032 2333 1172 2419 Epicuri
1198 2335 1353 2398 doctrina

177 2441 383 2525 exponenda
417 2452 507 2504 totus
531 2440 603 2503 fere
627 2441 670 2504 ab
695 2441 752 2504 illo
776 2441 981 2525 pendeant,
1015 2464 1079 2505 non
1105 2464 1225 2518 unam,
1250 2463 1352 2527 quam

175 2569 290 2610 veram
313 2560 412 2632 putat
436 2569 529 2623 esse,
562 2568 700 2611 causam
724 2549 846 2612 adres
871 2549 942 2611 illas
967 2549 1213 2635 intellegendas
1238 2550 1351 2624 affert,

173 2655 235 2718 sed
272 2656 396 2740 plures.
450 2656 589 2740 Epicuri
620 2656 727 2727 enim,
761 2656 947 2719 dummodo
982 2677 1088 2721 vanus
1122 2656 1177 2719 ille
1209 2656 1352 2720 deorum

174 2763 274 2825 timor
301 2775 534 2838 evanesceret,
558 2762 638 2826 nihil
662 2764 824 2826 intererat
840 2764 1055 2849 investigare,
1080 2765 1253 2848 quomodo
1273 2786 1352 2827 vere

176 2869 252 2933 illae
283 2891 339 2932 res
370 2890 406 2933 se
440 2869 613 2934 haberent.
661 2869 777 2955 Atque
802 2892 1075 2956 unamquamque
1100 2870 1241 2946 illarum,
1267 2892 1353 2957 quas

173 2977 323 3060 profert,
347 2978 515 3040 rationum
539 2976 719 3041 Lucretius
743 2978 886 3042 illustrat
910 2991 993 3062 apta
1018 2980 1283 3064 comparatione.

281 3083 464 3148 Praeterea
488 3085 521 3146 in
545 3085 752 3171 singulorum
774 3085 934 3149 librorum
951 3086 1133 3169 prooemiis
1150 3099 1184 3149 et
1201 3087 1239 3149 iis
1257 3087 1352 3164 lociS,

174 3191 297 3277 quibus
329 3191 625 3255 demonstrationis
656 3206 754 3256 tenor
778 3193 1050 3277 interrumpitur,
1082 3194 1252 3277 Epicurus
1277 3195 1351 3278 ipse

175 3319 284 3383 neque
317 3299 425 3361 minus
456 3299 527 3362 eius
558 3299 732 3375 doctrina,
766 3300 808 3363 de
833 3323 899 3385 qua
924 3301 1102 3386 aliquoties
1128 3313 1230 3385 poeta
1255 3301 1349 3376 dixit,

174 3405 404 3489 compluribus
428 3406 698 3470 similitudinibus
723 3408 836 3471 locum
861 3408 964 3471 dedit.

280 3511 351 3575 lam
383 3513 427 3576 ad
460 3515 735 3599 comparationes
760 3515 851 3600 ipsas
876 3516 1019 3592 reversi,
1049 3537 1128 3580 cum
1163 3516 1197 3579 id
1228 3517 1261 3578 in
1285 3516 1351 3580 hac

174 3632 273 3704 parte
305 3621 473 3706 inquirere
507 3623 727 3687 constitutum
757 3623 817 3699 sit,
841 3624 1014 3708 quomodo
1039 3624 1126 3687 inter
1149 3645 1185 3687 se
1210 3643 1351 3708 respon-

235 3855 260 3914 l)
279 3851 429 3919 Woltjerus
454 3851 594 3920 (‘Lucretii
620 3853 790 3920 philosophia
816 3869 875 3906 cnm
901 3852 1022 3907 fontibus
1047 3854 1210 3921 comparata’
1234 3854 1350 3907 Gronin-

171 3940 334 4009 gue'1877l,
354 3941 407 3995 etsi
427 3941 581 3996 Lucretium
600 3943 735 3996 neminem
754 3943 806 3997 nisi
819 3943 963 4009 Epicurum
984 3950 1106 3996 secutum
1125 3957 1184 3998 esse
1210 3959 1263 3996 nnn
1275 3950 1350 3997 recte

172 4037 273 4097 censet,
293 4062 326 4070 —
349 4031 377 4084 P.
391 4031 526 4084 Ruschius
550 4046 584 4085 ue
611 4031 639 4084 in
658 4032 782 4085 doctrina
801 4033 908 4098 quidem
929 4032 1086 4100 exponenda
1102 4032 1247 4100 Epicurum
1267 4048 1350 4085 unum

173 4120 231 4174 eius
241 4126 378 4174 auctorem
388 4119 472 4174 fuisse
481 4120 649 4175 demonstrat
668 4120 695 4174 in
715 4121 822 4174 dissert.
850 4121 892 4175 ‘de
904 4121 1045 4175 Posidonio
1063 4121 1170 4175 Lucreti
1190 4129 1302 4176 auctore
1321 4122 1350 4175 in

173 4211 289 4264 carmine
327 4210 359 4264 tle
391 4225 478 4264 rerum
506 4217 605 4264 natura
623 4210 670 4263 IV’
697 4209 1013 4278 Gryphiswaldiae1882
1040 4241 1071 4249 -
1099 4216 1191 4265 tamen
1216 4209 1372 4266 summum

173 4314 333 4353 consensum
352 4300 424 4354 inter
443 4315 482 4365 ea,
502 4316 570 4367 quae
580 4300 721 4353 Lucretius
739 4300 841 4367 profert
859 4306 888 4354 et
897 4300 1015 4368 Epicuri,
1036 4315 1104 4367 quae
1114 4301 1220 4367 quidem
1232 4308 1350 4369 exstant,

171 4388 274 4456 placita
293 4404 352 4443 esse
371 4389 457 4444 docet.
