3214 5024
655 396 878 458 ...51-

178 594 266 658 Plat.
284 593 348 679 leg.
366 593 386 655 ὁ
403 614 435 676 p.
456 592 517 661 777
536 590 583 654 B:
609 588 766 676 καθάπερ
790 589 950 671 λαμπάδα
973 589 1033 654 τὸν
1056 595 1132 673 βίον
1155 593 1359 676 παραδίδνν·

176 723 232 765 ται
258 698 350 764 ἄλλοι
375 697 409 774 ἔξ
434 696 549 763 ἄλλων.
575 699 636 782 (cf.
662 697 747 763 Otto
770 720 802 783 p.
825 698 884 761 185
908 720 934 765 s.
953 723 984 760 v.
1009 699 1162 784 lampas).

246 811 278 888 4)
302 807 352 870 IV
381 807 463 869 1280
495 814 618 870 ‘noune
651 805 746 869 vides
772 807 873 869 etiam
896 819 1011 893 guttas
1036 807 1069 870 in
1093 829 1177 872 saxa
1203 808 1359 872 cadentis

290 914 416 977 umoris
440 913 543 998 longo
568 914 601 975 in
626 912 738 997 spatio
762 913 968 997 pertundere
992 913 1110 977 saxa?

282 1020 415 1083 Primus
444 1020 508 1083 hae
533 1021 787 1106 comparatione
815 1020 949 1085 videtur
973 1043 1053 1084 usus
1078 1042 1152 1085 esse
1178 1020 1359 1086 Choerilus

49 1213 66 1239 ὀ
179 1128 321 1212 (Kinkel
345 1128 388 1197 fr,
408 1127 493 1212 epic.
510 1149 559 1212 gr.
581 1129 593 1197 1
613 1149 645 1212 p.
670 1129 789 1199 271tr.
812 1129 879 1209 10):

405 1232 533 1320 πέτρην
556 1235 716 1298 κοιλαίνει
741 1238 830 1324 ῥανὶς
853 1227 969 1306 ὕδατος
993 1232 1184 1323 ἕνδελεχείῃ,

407 1342 465 1420 (cf.
484 1341 567 1405 Otto
584 1362 609 1409 s.
627 1365 658 1411 v,
677 1354 775 1428 gutta
801 1344 850 1427 (2)
874 1364 906 1427 p.
926 1341 1012 1421 156).

247 1453 279 1529 5)
303 1449 337 1511 V
369 1450 431 1511 608
465 1449 571 1534 ‘quod
607 1470 715 1535 genus
750 1449 918 1513 interdum
960 1462 1094 1535 segetes
1129 1450 1357 1535 stipulamque

1156 1557 1312 1620 videmus

292 1664 450 1728 accidere
475 1686 518 1728 ex
542 1686 607 1727 una
633 1664 779 1727 scintilla
803 1663 960 1727 incendia
983 1665 1129 1748 passim',

280 1770 472 1834 Verisimile
503 1783 555 1834 est
585 1773 673 1835 hauc
708 1771 999 1855 comparationem
1024 1783 1059 1834 ut
1083 1771 1262 1836 adhiberet
1286 1771 1358 1835 Lu·

179 1879 322 1942 cretium
360 1878 547 1942 adductum
579 1899 653 1942 esse
685 1877 870 1962 proverbio
902 1878 975 1955 illo,
1008 1879 1101 1964 quod
1134 1901 1178 1941 ex
1212 1879 1356 1942 scintilla

180 2006 284 2070 saepe
309 2006 469 2071 magnum
493 1985 689 2049 incendium
706 1987 869 2049 exsistere
887 1987 969 2050 dicit
994 1986 1053 2073 (cf.
1072 1986 1156 2050 Otto
1173 2008 1197 2052 s.
1214 2009 1248 2049 v.
1267 1987 1355 2050 scin·

177 2092 247 2155 tilla
270 2114 304 2177 p.
325 2095 480 2174 311,12).

99 2185 103 2195 ’
232 2180 279 2284 Ι(ν)
306 2199 339 2261 V
360 2201 439 2261 1131
479 2201 615 2262 ‘invidia
650 2201 829 2285 quoniam,
859 2221 922 2264 ceu
954 2199 1101 2285 fulmine,
1135 2222 1267 2263 summa
1299 2222 1359 2262 va-

387 2385 389 2389 ,
1162 2306 1309 2392 porant'.

282 2413 381 2477 Hanc
415 2434 551 2498 quoque
583 2414 834 2478 similitudinem
868 2415 1085 2478 referendam
1119 2435 1192 2478 esse
1216 2414 1261 2478 ad
1285 2415 1357 2478 dic-

176 2521 303 2584 tionem
336 2519 574 2606 pervulgatam
607 2521 813 2606 intellegitur
846 2543 889 2585 ex
922 2523 1006 2586 locis
1036 2522 1080 2586 ab
1105 2522 1233 2586 Ottone
1259 2524 1297 2605 (s,
1322 2546 1354 2585 v.

177 2627 304 2691 fulmen
329 2627 376 2713 (2)
402 2650 433 2712 p.
456 2630 527 2707 148)
553 2629 696 2693 collatis.
