3214 5024
641 415 861 476 ..41-

157 612 373 678 adverbum
409 611 491 675 illud
514 609 746 675 adhibendum
770 600 1009 686 adduceretur,
1033 630 1075 672 an
1101 607 1208 672 verbo
1233 619 1342 671 trans·
1413 613 1416 619 ’

160 720 230 784 late
262 732 426 804 usurpato
461 731 651 783 commotus
683 717 740 793 sit,
772 729 809 780 ut
839 717 1128 801 comparationem
1152 714 1340 782 induceret.

270 844 448 908 Pertinent
471 845 537 908 huc
561 844 594 907 hi
618 843 697 909 loci:

216 953 325 1017 1280.
347 952 486 1014 fluunt
519 951 625 1034 (venti
668 951 726 1036 qui
757 947 1042 1033 subsequentibus
1074 946 1228 1010 versibus
1265 966 1343 1011 cum

870 1056 1006 1118 flumine
1030 1057 1296 1139 comparantur).

253 1167 326 1232 402.
345 1166 458 1230 animo
482 1166 563 1229 satis
589 1167 675 1229 haec
700 1164 873 1250 vestigia
897 1185 1004 1249 parva
1028 1162 1173 1248 sagaci
1198 1173 1275 1225 sunt

260 1273 331 1345 737.
350 1294 393 1336 ex
418 1273 543 1359 adyto
567 1284 742 1359 tamquam
766 1271 879 1335 cordis
902 1291 1099 1356 responsa
1125 1268 1286 1334 dedere.

258 1381 332 1446 934.
349 1401 489 1443 musaeo
513 1381 763 1466 contingens
788 1391 912 1443 cuncta
936 1378 1053 1462 lepore

220 1491 254 1554 Π
282 1488 332 1552 54.
350 1488 459 1551 omnis
476 1509 553 1551 cum
578 1488 611 1550 in
636 1485 814 1550 tenebris
838 1485 1041 1571 praesertim
1065 1485 1134 1548 vita
1158 1482 1298 1548 laboret.

232 1611 234 1616 ’
278 1596 329 1664 78.
348 1596 449 1680 inque
475 1593 571 1658 brevi
596 1595 733 1679 spatio
757 1604 962 1656 mutantur
985 1592 1098 1655 saecla
1124 1592 1343 1655 animantum.

258 1703 328 1767 192.
352 1716 385 1765 et
410 1702 511 1766 celeri
535 1701 672 1765 flamma
696 1701 879 1786 degustant
903 1701 1015 1785 tigna
1045 1699 1267 1783 trabesque

256 1810 329 1875 550.
355 1810 508 1874 materiai
532 1821 627 1873 tanto
651 1809 683 1871 in
708 1809 867 1893 pelago

164 1919 328 1983 1111044.
349 1917 581 2005 restincxit,
605 1916 720 1979 stellas
745 1928 884 1978 exortus
908 1927 945 1977 ut
969 1914 1140 1977 aetherius
1164 1912 1222 1978 sol.

199 2025 232 2089 V
258 2025 330 2091 592,
347 2026 451 2087 maria
476 2045 516 2088 ac
542 2038 650 2087 terras
674 2023 781 2086 omnis
805 2025 1005 2106 caelumque
1032 2021 1204 2108 rigando

348 2132 519 2216 compleat
560 2138 618 2213 (sc.
644 2130 708 2210 sol)
747 2142 781 2192 et
813 2130 924 2194 calido
957 2129 1184 2213 perfundat
1218 2138 1344 2191 cuncta

1161 2254 1300 2319 vapore.

256 2347 329 2412 598.
354 2345 591 2432 largifluum
615 2345 770 2408 fontem
795 2359 967 2408 scatere.

272 2471 451 2536 Nonnullis
483 2471 565 2534 locis
588 2469 771 2533 Lucretius
795 2470 1050 2553 comparatione
1074 2468 1119 2531 ad
1143 2467 1244 2530 finem
1268 2487 1346 2551 per-

163 2580 269 2644 ducta
299 2580 331 2642 in
364 2577 519 2642 versibus
542 2576 763 2663 sequentibus
787 2576 892 2640 verba
918 2576 1108 2660 usurpavit,
1142 2595 1230 2659 quae
1254 2573 1345 2636 illam

162 2688 198 2749 in
226 2687 424 2749 memoriam
450 2697 634 2748 revocant:

226 2793 332 2858 1408.
938 2810 1128 2876 caecasque
1153 2786 1346 2852 latebras

350 2900 516 2963 insinuare
540 2899 648 2963 omnis
672 2911 706 2962 et
732 2920 847 2961 verum
872 2898 1117 2982 protrahere
1142 2897 1229 2960 inde.

258 3008 331 3078 947,
359 3020 392 3070 et
417 3007 512 3091 quasi
536 3027 676 3070 musaeo
701 3005 791 3069 dulci
816 3006 1061 3090 contingere
1086 3004 1212 3069 melle.

221 3116 256 3180 Π
281 3115 331 3179 59.
349 3115 438 3178 hunc
462 3114 566 3199 igitur
588 3127 753 3177 terrorem
776 3114 877 3181 animi
902 3111 1186 3197 tenebrasque.

260 3222 335 3289 502.
354 3222 578 3285 disiectare
603 3233 740 3285 aestus
764 3221 888 3284 diversi
913 3220 1067 3282 materiai

207 3329 258 3394 Ill
288 3331 337 3391 12.
355 3330 468 3392 omnia
493 3349 554 3391 nos
578 3327 693 3392 itidem
719 3328 980 3413 depascimur
1004 3347 1109 3389 aurea
1132 3326 1234 3389 dicta.

260 3435 332 3505 937.
351 3436 533 3500 commoda
557 3436 798 3521 perfluxere
823 3447 927 3520 atque
950 3435 1083 3520 integra
1107 3433 1265 3496 interiere

259 3543 334 3609 960.
353 3564 455 3628 quam
490 3556 601 3606 satur
632 3564 679 3606 ac
710 3544 852 3627 plenus
885 3541 994 3626 possis
1024 3540 1201 3604 discedere
1225 3560 1349 3603 rernm.

184 3649 237 3715 IV
256 3651 326 3721 927,
348 3650 439 3713 unde
463 3650 685 3714 reconflari
710 3670 827 3713 sensus
850 3670 912 3734 per
936 3647 1089 3712 membra
1113 3659 1254 3732 repente

165 3770 319 3842 posset.
345 3809 351 3820 .
377 3810 383 3822 .

278 3865 434 3949 Denique
465 3865 648 3928 videndum
678 3876 743 3940 est,
776 3864 949 3948 quomodo
973 3862 1156 3927 Lucretius
1185 3862 1223 3925 iis
1254 3861 1349 3938 locis

169 3971 294 4059 quibus
334 3972 527 4057 complures
564 3972 837 4057 comparationes
871 3972 1062 4056 usurpavit,
1101 3971 1164 4033 has
1194 3970 1282 4032 inter
1312 3989 1349 4032 se

166 4080 397 4148 coniunxerit.

277 4187 491 4252 Coniunctae
543 4198 620 4249 sunt
667 4185 961 4250 coniunctionibus
1008 4185 1217 4250 disiunctivis
1263 4184 1349 4267 (aut)

168 4293 252 4357 1110
270 4315 345 4380 sqq.
363 4296 423 4356 221
444 4315 536 4381 sqq,
567 4293 768 4379 copulativis
786 4293 834 4357 lV
852 4295 912 4357 901
933 4314 1006 4378 sqq.
1023 4296 1105 4374 (et-
1118 4300 1350 4377 atque-que)

169 4414 221 4480 et,
254 4403 283 4465 si
318 4413 411 4465 recte
445 4423 482 4465 se
518 4400 639 4484 habet,
675 4401 767 4486 quod
803 4401 949 4466 diximus
985 4424 1038 4464 vv.
1061 4401 1140 4477 194,
1176 4400 1237 4464 195
1271 4411 1349 4462 ante
