3214 5024
648 402 867 466 ‚35-

165 602 339 678 studeret,
366 614 422 683 „ut
446 602 520 686 ipsa
544 612 685 664 naturae
710 599 982 663 consideratione
1007 597 1123 660 mortis
1148 608 1182 660 et
1206 596 1347 660 deorum

167 712 279 773 metu“
322 710 474 773 homines
512 707 683 772 liberaret.
739 705 873 769 Rursus
911 704 1133 788 interpolatos
1174 725 1249 767 esse
1285 704 1348 767 hos

167 839 286 882 versus
310 816 485 881 Gneissius
518 827 634 880 censet
666 815 738 899 (1.1.
756 836 789 899 p.
808 815 882 895 20),
917 813 970 877 cui
993 811 1140 875 Tohtius
1164 810 1346 890 (Fleckeis.

167 925 267 992 anall.
289 925 372 995 1879
390 947 423 1009 p.
442 923 521 1005 545)
539 936 573 986 et
589 922 773 1008 Briegerus
790 920 900 1004 (Burs.
918 919 1017 983 anall.
1039 919 1121 988 1879
1135 932 1159 982 t.
1172 917 1205 982 II
1220 941 1252 1002 p
1267 919 1346 998 202)

168 1032 408 1097 assentiuntur.
462 1030 532 1095 Sed
566 1043 681 1094 tamen
718 1040 813 1093 certa
846 1049 950 1093 causa
984 1048 1058 1091 esse
1090 1027 1170 1089 mihi
1200 1026 1348 1102 videtur,
1388 1066 1391 1071 «

168 1160 229 1203 cur
252 1150 390 1224 poetam
415 1139 481 1203 hoc
506 1158 643 1223 quoque
667 1137 743 1201 loco
769 1136 914 1200 eandem
939 1134 1230 1219 comparationem
1248 1154 1348 1218 repe-

167 1247 281 1310 tivisse
313 1246 503 1310 credamus.
552 1242 657 1320 Quod
689 1257 726 1308 ut
759 1243 1008 1325 demonstrem,
1039 1241 1188 1306 breviter
1213 1253 1350 1304 senten-

170 1355 291 1418 tiarum
316 1374 484 1417 conexum
518 1353 596 1415 inde
621 1373 641 1415 a
665 1373 766 1415 versu
789 1351 830 1413 35
857 1370 1039 1434 exponam.
1086 1346 1287 1423 Lucretius,
1311 1359 1350 1411 ut

170 1460 376 1526 Acheruntis
401 1474 546 1536 metum,
571 1481 673 1546 quem
698 1458 847 1522 funditus
871 1458 976 1521 vitam
1000 1457 1182 1519 humanam
1206 1454 1346 1519 turbare

170 1569 263 1645 dicit,
280 1567 440 1653 expellat,
458 1589 546 1653 quae
559 1568 602 1630 sit
614 1567 715 1629 animi
728 1577 860 1642 natura,
877 1564 1003 1629 docere
1016 1563 1088 1626 vult
1102 1563 1174 1646 (vv.
1189 1563 1346 1643 35-40).

171 1675 302 1739 Deinde
337 1676 570 1759 (νν.41-81)
605 1673 754 1737 ostendit
782 1695 862 1735 vere
886 1673 997 1736 inesse
1022 1672 1056 1734 in
1080 1671 1251 1734 hominum
1277 1670 1347 1732 vita

168 1785 287 1847 mortis
323 1784 477 1846 timorem
514 1797 548 1844 et
584 1782 697 1844 omnia
739 1781 826 1843 mala
858 1779 914 1842 illo
947 1780 1067 1842 timore
1100 1778 1200 1841 effici.
1257 1776 1362 1840 Tum*

170 1898 237 1970 (vv.
257 1890 399 1967 82-90)
417 1890 571 1952 homines
588 1909 725 1951 causam
742 1889 849 1952 omnis
867 1888 1068 1951 calamitatis
1085 1887 1175 1949 hunc
1192 1884 1348 1948 timorem

172 2018 245 2060 esse
281 1983 360 2060 non*
389 1997 588 2082 intellegere
631 1996 851 2058 demonstrat.
910 1994 1085 2079 Denique,
1123 2006 1158 2055 ut
1195 1992 1349 2067 illustret,

171 2106 344 2191 quomodo
367 2105 442 2180 fiat,
474 2116 511 2166 ut
535 2104 688 2166 homines
712 2124 834 2165 vanum
862 2123 937 2165 esse
962 2102 1137 2175 timorem,
1159 2121 1258 2183 quem
1286 2099 1349 2182 ipsi

169 2213 377 2296 concipiunt,
402 2232 608 2296 quamquam
634 2232 699 2274 non
725 2222 838 2273 exstat
863 2231 916 2272 res
941 2208 1108 2284 terribilis,
1135 2229 1201 2269 non
1218 2206 1349 2270 intelle-

168 2331 273 2404 gant,
309 2318 559 2382 similitudinem
596 2309 685 2381 illam
720 2318 819 2380 affert
853 2338 872 2379 a
905 2317 1021 2401 pueris
1057 2315 1258 2399 repetitam,
1291 2314 1348 2398 qui

170 2428 283 2490 omnia
317 2416 369 2507 ‚gin
401 2425 550 2490 tenebris
580 2426 735 2510 pavitant
758 2425 958 2510 finguntque
983 2424 1130 2488 futura‘.
1181 2421 1261 2499 „Sic
1286 2442 1350 2484 nos

168 2536 202 2597 in
227 2534 304 2598 luce
329 2535 485 2597 timemus
509 2535 678 2597 interdum
703 2533 770 2596 nilo
796 2554 884 2618 quae
909 2545 986 2594 sunt
1004 2528 1186 2594 metuenda
1204 2530 1348 2614 magis“.

277 2660 427 2736 „Obliti·‘
453 2661 498 2737 (in
525 2663 552 2721 v.
572 2660 627 2739 82)
652 2660 696 2722 ad
721 2679 838 2722 omnes
862 2658 1014 2721 homines
1039 2657 1153 2742 potius
1177 2656 1351 2740 pertinere

170 2789 272 2852 quam
298 2768 343 2830 ad
368 2788 437 2843 eos,
462 2768 519 2853 qui.
544 2766 630 2842 „sibi
648 2766 861 2829 consciscant
878 2765 1043 2828 maerenti
1060 2776 1202 2849 pectore
1221 2763 1346 2825 letum“

173 2875 287 2939 elucet
312 2895 355 2937 ex
379 2874 533 2937 versibus
556 2873 776 2958 sequentibus
803 2873 854 2948 83,
874 2873 925 2948 al,
951 2871 1074 2958 quibus
1091 2869 1240 2934 breviter
1257 2891 1351 2934 corn-

171 2981 395 3066 prehenditur
419 2982 453 3045 id
478 2982 572 3068 quod
588 2994 689 3044 antea
706 2980 813 3043 fusius
830 2980 1023 3064 expositum
1041 2991 1125 3055 erat,
1151 3000 1252 3063 quam
1270 2999 1350 3062 per-

171 3089 316 3153 niciosus
348 3090 446 3153 timor
478 3091 520 3152 sit
553 3090 680 3152 mortis
728 3088 995 3152 Concedendum
1028 3087 1167 3172 quidem
1199 3097 1250 3148 est
1282 3107 1349 3148 non

170 3196 258 3260 bene
282 3197 364 3261 illud
388 3196 597 3282 exemplum,
622 3196 715 3282 quod
740 3197 810 3279 (vv.
830 3196 881 3267 85,
901 3195 954 3280 81))
980 3193 1161 3258 Lucretius
1185 3193 1280 3257 addit
1304 3194 1349 3257 ad

170 3305 409 3368 antecedentia
433 3305 609 3389 (imprimis
638 3304 682 3367 ad
707 3326 759 3366 vv,
780 3303 830 3379 72,
851 3304 902 3382 73)
927 3303 1095 3387 interponi
1121 3302 1207 3364 inter
1233 3322 1350 3374 versus

171 3411 302 3473 82-84
336 3425 370 3475 et
404 3411 555 3486 87-903
589 3413 649 3474 sed
683 3425 798 3475 tamen
829 3413 895 3474 hoc
928 3409 1066 3473 obstare
1098 3430 1166 3472 non
1190 3408 1347 3491 arbitror,

170 3519 349 3603 quominus
374 3532 477 3603 poeta
502 3520 575 3604 ipse
600 3520 688 3584 hanc
713 3518 961 3582 similitudinem
986 3518 1053 3581 hoc
1078 3518 1153 3580 loco
1175 3515 1347 3579 addidisse

169 3627 340 3709 putandus
365 3627 417 3701 sit,
443 3639 489 3702 ut,
514 3649 615 3713 quam
633 3626 676 3690 ob
701 3648 773 3688 rem
789 3626 941 3689 homines
957 3636 1069 3688 essent
1086 3623 1205 3700 „obliti
1222 3623 1349 3686 fontem

170 3753 328 3797 curarum
351 3735 441 3798 hunc
467 3755 541 3798 esse
568 3736 756 3810 timorem“‚
782 3733 931 3799 doceret.

276 3861 349 3924 Iam
383 3859 564 3924 dicendum
597 3872 649 3923 est
679 3860 722 3923 de
747 3860 785 3922 iis
810 3857 1141 3943 comparationibus,
1167 3877 1256 3942 quae
1280 3875 1348 3918 non

169 3964 395 4043 aLucretio,
426 3969 487 4032 sed
518 3967 561 4031 ab
586 3968 659 4030 aliis
686 3968 843 4030 videntur
865 3968 1013 4031 insertae
1038 3986 1121 4029 esse.
1169 3964 1248 4027 Huc
1272 3985 1352 4048 per·

168 4076 276 4138 tinent
300 4074 350 4138 IV
371 4076 432 4144 170
456 4075 506 4138 VI
523 4074 583 4138 251
614 4087 647 4138 et
672 4075 851 4160 I93bsqq.
877 4073 926 4136 IV
947 4075 981 4135 ll
999 4095 1072 4159 sqq.

275 4181 429 4246 Priorem
453 4183 544 4245 illam
570 4184 863 4267 comparationem
885 4181 991 4245 altero
1008 4180 1085 4244 loco
1102 4178 1226 4243 V1251
1247 4178 1349 4241 inter-

167 4291 319 4376 polatam
359 4313 433 4354 esse
472 4290 695 4354 Neumannus
733 4290 765 4371 (l.
783 4290 804 4352 l.
821 4310 855 4374 p.
878 4291 930 4370 17)
968 4288 1101 4363 docuit,
1141 4287 1198 4371 qui
1230 4306 1350 4349 versus

169 4400 234 4461 250
267 4412 300 4462 et
331 4397 414 4475 255,
447 4399 480 4461 in
513 4397 636 4484 quibus
672 4402 781 4480 ,‚tum“
819 4409 852 4459 et
885 4396 1002 4475 „cum“
1035 4393 1098 4458 sibi
1128 4393 1349 4478 respondent,
