3214 5024
721 350 939 411 -40-

244 544 365 607 eadem
402 544 659 628 comparatione
693 566 713 607 a
745 543 904 609 membris
936 548 1091 631 corporis
1122 549 1287 633 repetita,
1319 570 1423 634 quam

242 648 423 713 Lucretius
447 649 481 714 V
498 649 562 713 540
572 671 645 735 sqq.
668 650 832 728 adhibuit,
856 674 953 716 usum
971 674 1054 717 esse.
1093 655 1191 719 Haec
1208 657 1296 718 enirn
1314 654 1421 719 verba

242 758 372 844 scripta
403 756 572 820 videmus:
606 759 661 820 καὶ
693 753 752 842 τὴν
788 765 846 843 γῆν
882 758 917 823 έν
950 767 1036 847 μέσῳ
1069 753 1149 825 ὥστε
1179 759 1291 826 παίντα
1324 757 1420 827 κατὰ

242 871 367 952 σχῆμα
390 862 533 932 κώλων.

349 1007 492 1072 Praeter
523 1010 584 1072 has
620 1010 908 1094 comparationeS‚
942 1012 969 1073 si
1000 1025 1094 1075 recte
1126 1012 1208 1076 dicit
1232 1012 1421 1101 Woltjerus

242 1117 442 1193 Democriti,
467 1106 629 1180 Heracliti
653 1116 796 1179 aliorum
820 1130 1009 1202 praecepta
1032 1140 1101 1182 uon
1125 1141 1168 1182 ex
1190 1121 1272 1204 ipsis
1290 1122 1422 1184 illorum

241 1225 388 1308 scriptis,
412 1224 474 1287 sed
498 1245 540 1286 ex
557 1222 710 1307 Epicuro
734 1246 754 1287 a
771 1223 933 1288 Lucretio
959 1227 1097 1311 cognita
1122 1249 1208 1305 esse,
1234 1228 1319 1292 aliae
1337 1251 1423 1314 quo-

242 1353 308 1417 que
341 1331 574 1396 similitudines
607 1330 835 1394 Lucretianae
873 1332 918 1396 ad
951 1332 1139 1416 Epicurum
1171 1335 1333 1399 redeunt:
1366 1336 1421 1401 Ac

242 1440 389 1525 primum
413 1437 502 1501 illam
527 1421 817 1522 comparationem
841 1460 861 1501 a
885 1439 1005 1503 litteris
1029 1441 1212 1506 verborum
1229 1445 1421 1527 repetitam,

240 1569 344 1632 quam
368 1546 504 1630 saepius
527 1545 621 1629 apud
637 1545 835 1609 Lucretium
853 1560 987 1610 exstare
1004 1548 1158 1632 vidimus,
1183 1572 1204 1612 a
1220 1549 1420 1615 Democrito

241 1667 441 1740 usurpatam
481 1674 556 1716 esse
593 1654 756 1717 docemur
789 1654 866 1718 loco
898 1653 1093 1719 Aristotelis
1123 1659 1202 1740 περὶ
1233 1661 1333 1741 godon
1366 1661 1422 1722 καὶ

241 1780 343 1842 γενέσ.
375 1783 410 1846 p.
428 1761 548 1837 315‚2
583 1761 704 1838 Beck,
739 1783 841 1846 quem
880 1761 1007 1826 Munro
1047 1764 1092 1826 ad
1125 1762 1230 1829 Lucr.
1263 1766 1362 1830 1823
1386 1779 1420 1829 et

241 1869 430 1956 Woltjerus
460 1891 492 1952 p.
511 1871 552 1930 44
584 1868 744 1931 afferunt.
797 1867 888 1931 Nam
918 1868 964 1932 ibi
1002 1868 1201 1935 Aristoteles
1231 1872 1421 1937 Democriti

241 1989 275 2041 et
300 1977 469 2061 Leucippi
493 1976 537 2039 de
561 1975 683 2039 atomis
708 1975 864 2039 doctrina
887 1977 1022 2060 prolata
1045 1979 1132 2042 haec
1157 1979 1272 2043 addit:
1298 1976 1334 2042 ἐκ
1357 1986 1422 2044 τῶν

241 2079 347 2150 αὐτῶν
372 2083 432 2169 γὰρ
456 2086 620 2171 τραγῳδία
643 2086 699 2146 καὶ
722 2087 875 2171 κωμῳδία
900 2089 1024 2165 γίνεται
1048 2084 1255 2169 γραμμάτων,
1292 2087 1422 2152 Verisi-

241 2195 413 2257 millimum
445 2206 559 2257 autem
587 2206 639 2256 est
663 2193 882 2256 Aristotelem
914 2194 1001 2256 haec
1025 2216 1092 2257 non
1116 2195 1226 2280 ipsum
1252 2195 1419 2259 invenisse

240 2303 301 2366 sed
333 2314 518 2386 propterea
550 2301 738 2371 addidisse,
772 2301 864 2385 quod
896 2301 939 2362 illi
971 2301 1165 2386 philosophi
1194 2303 1292 2365 simili
1317 2304 1421 2367 modo

239 2420 428 2493 praecepta
460 2431 520 2472 sua
553 2408 814 2472 illustraverant.
862 2409 940 2472 Alio
973 2430 1110 2495 quoque
1144 2412 1220 2473 loco
1253 2410 1339 2474 Met.
1358 2411 1372 2474 Ι
1390 2415 1420 2487 4,

239 2539 341 2602 quem
369 2516 556 2602 Woltjerus
581 2517 601 2580 l.
627 2516 648 2578 l.
672 2538 704 2599 p.
727 2515 768 2578 50
786 2515 902 2593 affert,
934 2515 1138 2579 Aristoteles
1172 2539 1228 2586 ea.
1264 2539 1351 2603 quae
1376 2519 1419 2580 de

240 2623 409 2708 Leucippi
435 2637 469 2687 et
490 2623 677 2686 Democriti
701 2622 857 2687 doctrina
875 2624 1070 2707 disputavit,
1096 2626 1254 2709 exemplo
1278 2625 1419 2688 alitteris

239 2744 374 2816 sumpto
398 2730 548 2794 dilucida
573 2730 671 2793 facit:
698 2732 849 2812 διαφέρει
872 2727 908 2793 τὸ
933 2726 994 2811 μὲν
1016 2738 1041 2794 Α
1064 2736 1124 2794 τοῦ
1147 2737 1181 2796 Ν
1203 2728 1420 2819 σχήματι,“τὸ

240 2838 275 2901 δὲ
298 2844 361 2902 ΛΝ
382 2842 441 2900 τοῦ
465 2842 523 2901 ΝΛ
546 2833 654 2922 addar,
684 2834 721 2900 τὸ
746 2838 781 2901 δέ
805 2844 834 2900 Ζ
855 2841 914 2900 τοῦ
939 2844 973 2901 Ν
994 2842 1096 2902 θέσει.

347 2980 481 3044 Deinde
515 2982 657 3044 eandem
695 2983 1003 3066 comparationem,
1044 3005 1145 3069 quarn
1178 2985 1357 3050 Lucretius
1391 2984 1421 3048 ΙΙ

245 3091 305 3152 112
321 3110 396 3175 sqq.
421 3090 564 3173 sumpsit
592 3110 612 3151 a
636 3090 778 3152 minimis
803 3091 1024 3174 corpusculiS,
1048 3113 1137 3176 quae
1162 3093 1194 3155 in
1218 3093 1295 3154 solis
1320 3093 1422 3156 radiis

239 3208 427 3282 vagantur,
458 3196 677 3259 Democritus
708 3208 795 3260 teste
828 3196 1012 3261 Aristotele
1047 3202 1127 3282 περὶ
1162 3203 1266 3286 ψυχῆς
1298 3199 1350 3264 Ι5
1376 3200 1421 3263 ad

240 3315 398 3366 naturam
422 3303 508 3389 ignis
534 3315 567 3366 et
591 3304 724 3366 animae
743 3304 974 3368 illustrandam
992 3306 1164 3370 adhibuit:
1190 3301 1336 3389 α’πείρων
1360 3305 1420 3391 γάρ

242 3407 346 3472 ὄντων
377 3407 547 3493 σχημάτων
579 3412 633 3473 καὶ
664 3403 796 3492 α’τόμων
828 3408 868 3473 τὰ
900 3415 1092 3497 σφαιροειδῆ
1122 3418 1190 3497 πῦρ
1221 3416 1277 3476 καὶ
1310 3409 1419 3500 ψυχὴν

239 3519 361 3600 λέγει,
387 3503 471 3579 οἷον
496 3515 537 3580 ἐν
560 3524 609 3602 τῳ
632 3510 722 3601 αἷέρι
745 3515 793 3581 ταί
815 3514 1043 3598 καλούμενα
1068 3517 1261 3602 ξιίσματα,
1285 3517 1308 3585 ‹t‘
1332 3525 1418 3602 φαί-

239 3645 351 3688 νεται
375 3622 415 3687 έν
436 3632 521 3695 ταῖς
537 3621 598 3687 διὰ
623 3629 696 3688 τῶν
713 3628 890 3710 θυρίδων
914 3622 1087 3705 α’κτῑσιν,
1111 3613 1155 3690 ὧν
1171 3623 1230 3712 τὴν
1247 3650 1420 3714 πανσπερ-

240 3736 321 3814 μίαν
349 3739 493 3810 στοιχεῑα
515 3733 600 3812 λέγει
624 3737 679 3816 τῆς
704 3726 778 3819 ὅλης
802 3731 932 3815 φύσεως.

349 3875 448 3939 Hanc
496 3877 788 3961 comparationem
833 3875 876 3940 ab
916 3877 1067 3962 Epicuro
1108 3893 1305 3964 usurpatam
1345 3901 1419 3944 esse

240 3983 374 4046 elucere
406 3983 540 4047 videtur
570 4004 612 4046 ex
642 3983 739 4048 Stob.
757 3984 830 4047 Ecl.
848 4008 882 4069 p.
902 3986 983 4062 922,
1014 4008 1117 4071 quern
1147 3986 1338 4073 Woltjerus
1362 3988 1418 4052 l.l.

239 4113 271 4175 p.
291 4091 327 4161 71
357 4090 489 4156 laudat:
508 4088 550 4153 Εἰ
574 4091 609 4154 δὲ
634 4097 869 4175 παρέσπαρται
892 4093 955 4171 μέν
985 4095 1041 4156 καὶ
1066 4090 1191 4156 ἔνεστιν
1214 4089 1234 4176 ἡ
1260 4091 1352 4179 ψυχὴ
1375 4097 1420 4180 τῳ

237 4195 364 4277 σώματι
381 4197 538 4282 καθάπερ
555 4196 589 4262 έν
613 4192 700 4283 α’σκῳ
724 4204 858 4280 πνεῦμα
881 4206 1100 4284 περιεχομένη
1124 4191 1145 4284 ἢ
1168 4208 1420 4286 σαμμιγννμέννγ

238 4302 322 4388 πρὸς
347 4299 426 4368 αὐτὸ
451 4308 506 4368 καὶ
530 4304 758 4392 έγκινανμένη,
793 4299 922 4392 ὥσπερ
955 4301 998 4370 roi
1025 4303 1065 4370 ἐν
1087 4312 1137 4393 τῷ
1160 4304 1250 4392 αἷέρι
1276 4307 1418 4388 ξύσμα-
