3214 5024
636 416 857 503 *215-

153 626 221 677 etc:
269 613 405 698 Itaque,
430 611 492 674 etsi
525 611 600 695 ipsa
625 610 766 674 Ruschii
792 610 988 673 coniectura
1013 610 1154 686 „fissura
1179 609 1332 673 ubicum-

153 741 220 804 que
255 720 363 796 viai“,
397 740 484 804 quae
518 740 569 781 ex·
592 716 766 793 omnibuS,
792 739 879 803 quae
905 717 1058 801 prolatae
1083 729 1160 780 sunt
1184 720 1331 783 maxime

154 829 252 890 huius
284 827 352 892 loci
375 827 562 890 sententiae
590 825 762 901 convenit,
792 839 991 911 propterea,
1015 825 1108 912 quod
1132 839 1165 890 et
1189 828 1330 891 fissurae

154 957 232 1009 vox,
257 946 293 997 ut
316 935 389 1018 ipse
413 934 512 1009 dicit,
540 933 707 996 rarissima
732 945 784 996 est
806 954 927 1018 neque,
954 947 990 997 ut
1014 933 1197 1020 Briegerus
1222 939 1329 1007 illurs.

154 1042 252 1105 anall.
276 1042 357 1104 1884
382 1053 406 1104 t.
422 1041 454 1105 ΙΙ
471 1062 505 1125 p.
528 1041 601 1112 199)
627 1040 876 1117 animadvertit,
901 1042 983 1103 satis
1008 1042 1130 1118 elucet,
1156 1026 1331 1129 quomodo

154 1150 208 1213 illa
236 1150 356 1212 fissura
387 1147 617 1233 intellegenda
647 1148 706 1224 sit,
731 1169 851 1232 parum
875 1147 1062 1233 probabilis
1087 1172 1160 1214 esse
1187 1152 1331 1228 videtur,

152 1258 198 1320 ita
232 1277 351 1319 versus
383 1255 517 1318 videtur
548 1255 781 1319 emendandus
813 1276 905 1332 esse,
939 1268 974 1318 ut
1007 1255 1148 1320 salebris
1178 1260 1251 1322 viae
1276 1260 1330 1323 illa

155 1364 334 1428 concussio
359 1363 540 1426 efficiatur.
575 1362 722 1426 Videtur
739 1362 827 1426 enim
843 1376 958 1447 poeta,
982 1376 1164 1450 postquam
1182 1365 1330 1444 adeam,

154 1492 256 1556 quarn
280 1470 501 1546 demonstrat,
526 1491 596 1532 rem
621 1470 853 1533 illustrandam
878 1471 1022 1553 primum
1040 1471 1074 1534 id
1090 1473 1212 1545 attulit,
1238 1475 1330 1559 quod

154 1579 329 1663 plaustris,
365 1598 452 1663 quae
488 1589 627 1662 praeter
664 1589 757 1641 tecta
797 1577 1168 1662 praetervehebantur‚
1210 1581 1331 1645 domus

155 1685 449 1760 concutiebantur,
473 1684 596 1747 deinde
622 1684 815 1747 similiorem
841 1685 942 1748 etiam
967 1688 1256 1771 comparationem
1283 1690 1330 1752 rei

155 1805 376 1877 comparatae
401 1793 446 1855 ita
472 1792 635 1868 reddere,
659 1803 714 1868 ut,
739 1792 909 1875 quomodo
934 1804 1067 1856 montes
1091 1794 1124 1856 in
1148 1796 1331 1879 speluncas

154 1901 339 1976 irruebant,
364 1900 412 1963 sic
438 1920 574 1964 currum
600 1921 642 1962 ex
667 1901 842 1983 superiore
868 1899 943 1964 loco
968 1903 1000 1963 in
1024 1900 1215 1965 inferiorem
1241 1903 1332 1966 deci·-

152 2007 294 2071 dentem
318 2006 430 2071 faciat.

261 2113 446 2177 Praeterea
471 2135 571 2177 unam
597 2136 639 2177 ex
663 2115 863 2199 simplicium
884 2134 1020 2201 quoque
1039 2119 1330 2201 comparationum

153 2243 294 2285 numero
319 2221 473 2304 afferam,
499 2243 600 2306 quam
624 2223 862 2307 interpolatam
889 2245 963 2286 esse
988 2225 1049 2286 viri
1073 2224 1165 2289 docti
1191 2227 1330 2310 quidam

153 2339 377 2392 censuerunt:
402 2330 433 2393 Il
462 2328 536 2391 453.

261 2435 442 2501 Lucretius
475 2436 505 2500 Il
537 2437 597 2500 451
615 2459 689 2524 sqq.
724 2441 853 2502 semina
878 2461 993 2504 earum
1017 2462 1148 2521 rerum,
1174 2462 1263 2525 quae
1288 2464 1330 2504 ex

153 2544 282 2629 liquido
307 2564 452 2628 corpore
478 2558 646 2621 constant,
671 2545 802 2609 levibus
820 2559 854 2610 et
870 2548 1024 2611 rotundis
1042 2550 1234 2632 primordiis
1252 2571 1332 2614 con·

154 2652 250 2715 tineri
276 2651 396 2715 docet:

255 2775 320 2839 ‘illa
345 2777 481 2860 quidem
506 2778 632 2841 debent
657 2801 676 2841 e
701 2780 832 2844 levibus
856 2794 960 2867 atque
985 2783 1140 2846 rotundis

255 2904 327 2948 esse
351 2885 472 2968 magis,
495 2885 623 2949 fluvido
647 2908 735 2971 quae
761 2909 907 2973 corpore
932 2889 1059 2975 liquida
1084 2905 1240 2954 constant

255 3013 401 3076 namque
425 2994 607 3076 papaveris
630 2993 771 3057 haustus
794 2995 906 3058 itemst
930 2997 1040 3059 facilis
1057 2998 1150 3081 quod
1166 3020 1330 3083 aquarum

253 3118 317 3161 uec
341 3100 527 3163 retinentur
552 3101 640 3164 enim
663 3102 750 3167 inter
774 3123 811 3165 se
835 3103 1081 3187 glomeramina
1105 3126 1273 3191 quaeque,

153 3205 227 3271 455,
253 3217 287 3267 et
310 3206 488 3290 perculsus
512 3207 593 3269 item
616 3207 769 3293 proclive
794 3210 949 3274 volubilis
975 3211 1107 3278 exstat'

259 3329 406 3394 Versum
432 3332 514 3408 453,
539 3334 618 3418 quia
646 3333 802 3419 illepidus
827 3347 859 3398 et
883 3335 927 3399 ab
952 3337 1049 3400 huius
1074 3337 1139 3400 loci
1163 3340 1330 3402 sententia

152 3438 283 3500 alienus
305 3451 405 3514 esset,
429 3437 616 3503 Lambinus
634 3453 668 3504 et
685 3440 811 3506 Munro
828 3443 1008 3507 eiecerunt.
1048 3442 1128 3528 Sed,
1154 3449 1217 3509 etsi
1235 3459 1329 3511 recte

152 3544 340 3608 Lambinus
374 3567 450 3608 eum
483 3568 550 3609 non
582 3546 670 3611 bene
703 3549 791 3612 inter
821 3572 875 3612 vv.
910 3551 975 3612 452
999 3564 1033 3614 et
1065 3553 1128 3615 454
1160 3554 1330 3639 interponi

152 3653 402 3733 animadvertit,
426 3665 539 3718 tamen
564 3655 655 3718 illam
672 3658 963 3740 comparationem
988 3669 1023 3721 et
1039 3680 1059 3722 a
1075 3658 1238 3724 Lucretio
1255 3662 1329 3746 ipso

152 3757 304 3823 adbitam
338 3781 412 3824 esse
444 3772 477 3824 et
502 3762 629 3847 optime
653 3763 820 3827 illustrare
845 3785 995 3850 eaquae
1021 3765 1174 3830 versibus
1200 3767 1260 3830 451
1277 3790 1328 3855 sq.

151 3867 321 3944 dicuntur,
346 3880 441 3932 certo
467 3869 737 3933 demonstratum
768 3883 827 3935 est.
875 3871 966 3935 Nam
990 3874 1134 3957 primum
1159 3874 1329 3960 Hauptius

151 3974 273 4037 iustam
298 3977 590 4060 comparationem
614 3978 661 4040 ita
685 3979 842 4055 restituit,
868 3992 904 4042 ut
927 4001 992 4064 pro
1009 3981 1146 4066 „quod“
1164 3982 1330 4046 scriberet

151 4086 303 4168 „quasit
358 4084 490 4149 Deinde
522 4084 708 4149 Goebelius
740 4087 775 4169 tl.
797 4088 817 4153 l.
841 4110 874 4172 p.
896 4088 952 4168 45)
984 4109 1120 4151 versum
1151 4101 1230 4173 post
1264 4089 1327 4152 454

150 4194 441 4276 transponendum
471 4206 504 4256 et
536 4194 758 4279 „perculsus“
792 4194 1013 4278 vocabulum,
1038 4195 1131 4281 quod
1163 4195 1329 4258 Marullus

151 4311 342 4363 mutaverat
366 4302 398 4362 in
422 4309 669 4386 ,‚procursus“,
693 4302 726 4364 in
752 4324 782 4364 ν.
808 4304 871 4364 455
897 4303 1111 4366 retinendum
1136 4323 1209 4366 esse
1235 4303 1327 4366 vidit.

152 4405 375 4491 Aptissimam
415 4420 529 4472 autem
568 4409 656 4473 hanc
697 4410 986 4494 comparationem
1026 4431 1100 4472 esse
1139 4410 1328 4475 docuerunt
