3214 5024
759 388 982 453 „28-

280 582 418 667 petiisse
452 583 586 647 videtur
617 595 819 668 propterea,
854 598 891 649 ut
922 607 963 650 eo
987 589 1095 674 magis
1119 590 1461 677 animadverteretur,

282 691 374 776 quod
398 690 445 754 ita
469 711 587 754 versus
612 704 645 755 et
669 691 775 756 verba
798 692 886 756 inter
902 716 938 757 se
956 695 1090 759 diversa
1105 717 1182 760 esse
1199 719 1302 782 posse
1320 700 1458 764 demon·

177 817 180 824 ·
280 810 377 874 strat,
400 810 438 862 ut
462 798 622 863 nonnulla
646 799 814 864 elementa
839 803 1030 866 communia
1054 801 1213 868 habeant.

387 905 477 970 Tum
495 906 669 970 Gneissius
686 907 850 992 imprimis
867 929 1001 972 versum
1027 910 1091 972 694
1116 911 1352 976 demonstrare
1377 914 1459 978 dicit

279 998 389 1078 totum
422 1014 511 1077 hunc
542 1014 654 1078 locum
684 1014 918 1099 interpolatori
942 1015 1160 1081 tribuendum
1185 1040 1269 1086 esse.
1315 1019 1458 1085 Senten-

279 1123 360 1185 tiam
385 1133 500 1184 autem
524 1142 642 1184 versus
667 1122 749 1184 dicit
774 1143 817 1185 ex
834 1143 876 1186 eo
893 1123 970 1186 loco
987 1126 1161 1210 cognosci,
1186 1127 1276 1190 unde
1294 1126 1339 1191 ab
1355 1129 1458 1192 inter·

278 1228 434 1314 polatore
458 1243 613 1314 sumptus
636 1228 678 1292 sit
701 1228 837 1304 113373
862 1250 902 1293 eo
926 1230 1004 1294 loco
1026 1232 1113 1294 enim
1129 1246 1276 1319 poetam,
1303 1246 1339 1297 ut
1356 1257 1457 1320 quam

278 1336 470 1422 multigenis
501 1336 617 1422 figuris
649 1337 834 1421 primordia
859 1338 990 1400 variata
1014 1339 1098 1414 sint,
1124 1340 1266 1416 doceat,
1292 1343 1457 1427 exemplis

279 1445 512 1508 demonstrare
545 1444 670 1508 nullam
705 1465 776 1507 rem
807 1445 944 1507 omnino
979 1444 1076 1508 alteri
1109 1467 1228 1530 parem
1257 1468 1331 1511 esse
1355 1486 1399 1495 —
1424 1449 1457 1513 id

277 1552 371 1637 quod
404 1552 565 1635 imprimis
597 1572 615 1614 e
651 1551 805 1614 versibus
836 1551 965 1634 347,8;
996 1553 1155 1630 371,2,3
1185 1555 1384 1619 eluceat-
1411 1557 1457 1620 ita

277 1673 314 1723 ut
351 1680 469 1722 versus
506 1659 616 1735 336,7
655 1659 734 1721 nihil
768 1659 899 1742 possint
929 1659 1120 1744 significare
1154 1662 1231 1724 nisi:
1269 1683 1355 1741 ,non
1388 1684 1456 1748 quo

277 1767 369 1829 haud
404 1766 507 1829 multa
536 1767 655 1828 similia
687 1777 784 1841 sunt,
808 1767 870 1830 sed
900 1767 980 1851 quia
1004 1767 1095 1830 nulla
1120 1789 1172 1831 res
1196 1770 1294 1833 alteri
1317 1791 1456 1854 prorsus

276 1895 340 1959 par
380 1880 463 1936 est“.
517 1873 587 1937 Sed
627 1874 691 1936 hoc
724 1872 905 1936 Lucretius
936 1894 1047 1958 neque
1081 1874 1164 1938 dixit
1198 1897 1308 1961 neque
1341 1877 1455 1941 dicere

276 1981 398 2066 potuit,
424 2002 501 2045 cum
526 1981 711 2066 figurarum
737 1981 936 2043 varietatem
961 2001 1027 2044 non
1051 1982 1213 2045 infinitam
1231 2005 1303 2047 esse
1321 1985 1455 2061 doceat,

277 2088 422 2151 infinitas
468 2102 580 2151 autem
629 2101 778 2169 atomos,
820 2109 907 2172 quae
955 2088 1099 2151 eandem
1145 2090 1285 2175 figuram
1325 2090 1453 2154 habent

242 2247 245 2253 .
276 2198 337 2279 (ct'.
356 2219 412 2260 vv,
430 2196 459 2259 ll
477 2197 540 2265 479
557 2218 608 2282 sq.
635 2196 698 2261 496
716 2217 766 2281 sq.
785 2196 848 2258 513
862 2217 912 2281 sq.
939 2196 1002 2258 523
1019 2204 1115 2282 sqq).
1163 2196 1345 2260 Praeterea
1370 2197 1451 2262 illud

275 2327 297 2367 a
322 2303 484 2368 Lucretio
518 2325 585 2367 non
618 2304 746 2367 dictum
785 2325 854 2367 esse
886 2303 998 2366 elucet
1029 2325 1071 2366 ex
1096 2305 1249 2368 versibus
1274 2305 1336 2374 337
1366 2326 1454 2387 „non

277 2412 400 2497 volgo
431 2412 526 2496 paria
560 2410 716 2474 omnibus
747 2412 859 2474 omnia
892 2412 954 2492 (sc.
986 2412 1186 2494 primordia)
1219 2414 1393 2475 constent“
1421 2425 1454 2475 et

275 2520 342 2582 380
379 2518 546 2597 „dissimili
581 2520 667 2582 inter
700 2538 736 2580 se
768 2518 964 2603 quaedam
998 2526 1056 2597 (sc.
1081 2519 1279 2603 primordia)
1312 2519 1453 2583 volitare

275 2628 416 2713 ligura“.
440 2663 483 2671 —
508 2626 567 2689 llla
599 2638 713 2688 autem
745 2626 901 2709 exempla
932 2625 976 2688 ab
1008 2623 1217 2700 hominibus,
1241 2626 1454 2702 animalibus,

277 2756 390 2797 rerum
422 2745 543 2796 natura
575 2733 717 2817 repetita
748 2743 932 2816 propterea
961 2732 1153 2796 adhibuisse
1179 2733 1314 2797 videtur
1339 2748 1452 2819 poeta,

276 2853 332 2917 ut,
366 2861 442 2904 cum
475 2839 508 2902 in
538 2839 677 2924 singulis
709 2839 841 2902 illorum
874 2839 1079 2925 generibuS,
1112 2861 1200 2926 quae
1229 2861 1295 2904 non
1327 2841 1454 2905 infinita

277 2970 418 3012 numero
442 2961 539 3021 sunt,
564 2946 654 3009 nulla
678 2967 732 3010 res
756 2947 852 3010 alteri
876 2968 1015 3032 prorsus
1038 2968 1100 3030 par
1124 2947 1182 3023 sit,
1208 2948 1240 3010 in
1264 2961 1453 3012 atomorum

276 3078 415 3142 genere,
439 3056 532 3142 quod
548 3076 690 3118 numero
707 3055 872 3117 infinitum
888 3067 951 3130 est,
975 3074 1043 3117 non
1061 3074 1178 3117 omnes
1195 3056 1282 3118 inter
1298 3077 1335 3119 se
1351 3077 1453 3141 pares

276 3185 351 3227 esse
386 3185 427 3227 eo
459 3162 589 3226 facilius
615 3162 878 3247 intellegeretur.
925 3160 1057 3225 Eodem
1082 3160 1185 3246 igitur
1209 3163 1312 3226 modo
1336 3184 1454 3226 versus

275 3271 306 3334 ΙΙ
330 3272 394 3333 336
409 3292 457 3356 sq.
482 3267 701 3355 intellegendi
724 3280 813 3345 sunt,
837 3290 904 3354 quo
924 3266 1111 3332 Lambinus
1136 3290 1195 3332 eos
1211 3258 1453 3354 interpretatus

277 3390 342 3442 est:
371 3398 456 3457 ,non
482 3377 574 3462 quod
599 3398 720 3461 parum
745 3376 849 3439 multa
873 3376 938 3440 sint
962 3396 1109 3460 corpora
1133 3376 1230 3439 simili
1246 3377 1357 3463 figura
1374 3390 1454 3441 nata

275 3486 367 3566 (nam
402 3494 535 3547 tantum
565 3482 679 3557 abest,
704 3495 741 3546 ut
771 3503 883 3568 pauca
915 3484 999 3559 sint,
1024 3494 1061 3545 ut
1085 3483 1187 3546 etiam
1211 3483 1278 3546 sint
1301 3484 1454 3564 infinita),

275 3591 338 3655 sed
362 3592 442 3677 quia
465 3591 577 3653 omnia
601 3611 748 3675 corpora
773 3611 838 3654 non
863 3603 940 3653 sunt
961 3590 1057 3653 simili
1074 3590 1161 3653 inter
1176 3611 1213 3653 se
1229 3590 1338 3675 figura
1354 3611 1454 3674 prae·

276 3699 377 3764 ditat.
403 3697 623 3762 -Eandem
656 3698 758 3783 igitur
789 3698 857 3760 vim
881 3718 1000 3761 versus
1025 3717 1084 3773 eo,
1109 3718 1177 3782 quo
1201 3696 1367 3781 repetitus
1391 3710 1454 3774 est,

273 3806 352 3871 loco
377 3806 499 3881 habet,
523 3817 560 3868 ut
583 3804 765 3869 nonnullae
789 3826 904 3868 earum
930 3826 1060 3881 rerum,
1086 3825 1174 3889 quae
1198 3817 1453 3889 comparantur,

274 3894 509 3988 consentiant,
533 3933 651 3975 omnes
682 3925 795 3976 autem
827 3911 983 3975 omnibus
1015 3933 1080 3975 non
1113 3932 1214 3997 pares
1238 3912 1313 3975 sint.
1363 3911 1451 3975 Nam

275 4033 313 4084 ut
336 4022 401 4083 333
415 4041 489 4106 sqq.
515 4020 618 4083 atomi
642 4033 828 4103 propterea
845 4019 963 4083 lormis
979 4019 1066 4082 inter
1082 4039 1118 4082 se
1136 4019 1264 4082 distare
1282 4018 1451 4094 dicuntur,

274 4128 370 4213 quod
394 4148 461 4190 non
478 4147 597 4190 omnes
614 4125 758 4189 eandem
776 4126 919 4189 formam
936 4125 1075 4203 habent,
1099 4127 1147 4190 ita
1164 4126 1227 4188 688
1242 4146 1317 4212 sqq.
1336 4145 1452 4189 versus

275 4247 309 4298 et
333 4234 439 4298 verba
462 4235 550 4297 inter
573 4255 610 4297 se
634 4232 806 4296 dissimilia
830 4253 904 4297 esse
920 4246 1025 4318 poeta
1040 4232 1132 4309 dicit,
1157 4236 1237 4318 quia
1255 4254 1322 4302 non
1341 4233 1452 4298 omnia

275 4341 454 4415 elementa,
479 4362 522 4404 ex
546 4339 669 4425 quibus
692 4340 825 4426 singula
849 4340 920 4404 sive
945 4361 1062 4404 versus
1085 4340 1158 4403 sive
1182 4340 1291 4406 verba
1312 4361 1454 4426 compo·
