3214 5024
664 424 883 486 ..49-

291 619 450 705 Denique
474 642 493 683 e
511 618 723 684 Graecorum
739 640 881 682 numero
898 618 1123 705 Thucydides
1140 619 1364 683 nominandus

181 739 254 810 est,
288 748 401 813 aquo
424 748 526 790 unam
552 726 842 810 comparationem
867 737 1038 789 mutuatus
1063 737 1124 791 est.
1171 727 1260 790 Nam
1286 746 1363 790 cum

185 835 219 897 in
252 836 405 898 extrema
438 846 536 918 parte
570 833 646 897 libri
677 833 765 896 sexti
796 834 1010 918 praeclaram
1034 832 1124 896 illam
1148 834 1363 918 pestilentiae

185 941 461 1027 descriptionem,
486 962 588 1027 quam
605 940 829 1025 Thucydides
854 940 1036 1011 1147-54
1060 939 1200 1016 iecerat,
1225 942 1295 1004 sive
1320 962 1363 1003 ex

185 1050 292 1135 ipsius
324 1049 394 1112 sive
433 1069 475 1111 ex
507 1047 649 1133 Epicuri
681 1046 775 1111 libris
807 1060 982 1132 receptam
995 1050 1019 1131 ¹)
1052 1049 1239 1132 proferret,
1272 1047 1363 1111 illam

182 1176 323 1243 quoque
349 1154 658 1241 comparationem,
690 1176 793 1241 quam
818 1153 1043 1240 Thucydides
1069 1156 1161 1221 1151
1189 1153 1362 1219 adhibuit:

182 1259 294 1346 ἕτερος
317 1254 377 1345 ἀφ’
400 1262 511 1347 ἑτέρου
535 1265 720 1346 θεραπείας
743 1257 1045 1342 ἀναπιμπλάμενος
1065 1255 1192 1345 ὥσπερ
1209 1259 1251 1325 rol
1270 1259 1362 1344 πρό-

181 1375 291 1452 βατα
322 1366 507 1453 ἔθνησκον,
532 1370 708 1453 usurpavit
743 1367 795 1434 VI
815 1370 944 1452 1245‘2).
998 1367 1141 1432 Praeter
1174 1369 1262 1432 hanc
1295 1380 1364 1432 tres

186 1478 430 1554 similitudines,
454 1477 593 1563 quaein
611 1475 761 1540 Lucretii
779 1477 1008 1561 descriptione
1025 1488 1173 1552 exstant,
1197 1475 1248 1538 VI
1268 1475 1362 1539 1155.

191 1586 285 1656 1167.
315 1586 397 1649 1169
422 1607 442 1648 a
466 1583 690 1669 Thucydide,
714 1584 770 1668 qui
795 1584 906 1668 capite
932 1583 972 1645 49
1000 1583 1137 1646 easdem
1163 1604 1217 1646 res
1241 1582 1363 1646 eodem

187 1692 304 1755 ordine
329 1704 585 1767 commemorat,
609 1712 677 1754 non
701 1691 873 1755 adhibitae
898 1702 983 1754 sunt.

291 1800 362 1863 lam
388 1798 574 1875 videamus,
599 1818 683 1883 quas
708 1799 980 1882 comparationes
1002 1796 1182 1861 Lucretius
1207 1796 1363 1861 debuerit

184 1905 310 1969 Ennio.

295 2011 353 2075 Ad
383 2013 472 2075 hunc
504 2012 648 2097 primum
680 2011 862 2075 referenda
894 2024 946 2074 est
980 2011 1035 2074 illa
1065 2011 1264 2094 similitud0‚
1297 2032 1360 2096 qua

186 2117 368 2182 Lucretius
392 2117 589 2203 Scipionem
621 2131 799 2202 comparat
831 2139 909 2182 cum
943 2119 1072 2181 famulo
1096 2119 1219 2183 infimo.
1266 2117 1363 2181 Haec

186 2227 275 2289 enirn
299 2226 424 2310 scripta
449 2237 526 2288 sunt
550 2225 641 2309 apud
666 2224 813 2287 Ennium
837 2246 914 2287 ann.
933 2248 987 2288 vv.
1006 2227 1082 2302 alo,
1100 2226 1162 2295 317
1190 2224 1317 2307 (Vahl.)

343 2385 349 2397 .
399 2380 406 2394 .
432 2331 620 2395 ‘mortalem
645 2352 812 2394 summum
837 2332 975 2395 fortuna
1000 2346 1143 2418 repente

342 2439 499 2523 reddidit,
526 2460 544 2501 e
568 2459 699 2502 summo
723 2460 830 2524 regno
854 2451 890 2501 ut
915 2439 1022 2502 famul
1046 2440 1179 2502 infimus
1203 2440 1313 2503 esset’.

295 2547 427 2610 Deinde
460 2547 492 2609 in
525 2567 565 2609 ea
597 2547 872 2631 comparatione,
897 2534 1121 2631 quam'llol
1135 2568 1209 2633 sqq.
1233 2569 1252 2610 a
1277 2569 1362 2612 cane

186 2656 343 2718 venatica
361 2654 530 2738 repetivit,
555 2653 718 2739 Pulligius
741 2653 773 2733 (1,
791 2655 810 2718 l.
827 2676 861 2738 p.
879 2658 935 2735 24)
953 2653 1164 2730 Lucretium,
1189 2656 1251 2718 etsi
1268 2667 1363 2719 certo

183 2760 411 2823 demonstrari
442 2782 510 2822 non
534 2761 662 2845 possit,
693 2772 772 2824 ante
798 2761 916 2824 oculos
940 2761 1098 2825 habuisse
1123 2776 1240 2826 censet
1264 2761 1363 2826 Ennii

187 2890 240 2933 vv.
257 2889 333 2930 ann.
352 2868 415 2929 344
426 2888 508 2953 sqq:

299 2976 396 3038 ‘sicut
420 2974 447 3038 si
471 2975 608 3060 quando
633 2974 751 3037 vinclis
775 2977 933 3039 venatica
958 2976 1059 3038 velox

300 3094 380 3166 apta
405 3081 492 3145 solet
517 3082 611 3145 canis
635 3082 726 3146 torte
751 3081 856 3144 feram
881 3082 929 3144 sei
953 3103 1035 3146 nare
1059 3083 1176 3168 sagaci

302 3189 413 3252 sensit'

296 3295 452 3381 Denique
476 3292 609 3359 duabus
634 3294 945 3380 comparationibus
970 3296 1068 3359 Ennii
1093 3297 1232 3361 annales
1258 3311 1365 3362 mate-

186 3400 270 3463 riam
297 3401 480 3466 dederunt:
506 3403 558 3468 ΙΠ
583 3403 742 3488 832sqq,
767 3423 835 3489 quo
859 3402 936 3467 loco
953 3402 1144 3480 Lucretius,
1173 3427 1295 3491 ,quam
1319 3404 1365 3468 nil

186 3507 231 3572 ad
265 3528 325 3571 nos
355 3521 433 3571 ante
467 3522 545 3573 acta
577 3521 728 3573 vetustas
760 3510 921 3594 temporis
954 3510 1084 3574 aeterni
1115 3511 1236 3588 fuerit,
1260 3534 1363 3598 quam

186 3615 358 3681 nascimur
389 3615 488 3678 ante“
516 3617 579 3692 (Ill
605 3617 759 3702 972sq.),
789 3617 836 3679 ita
860 3617 982 3693 docet,
1007 3629 1044 3680 ut
1067 3615 1260 3682 Poenorum
1286 3640 1364 3684 cum

189 3724 399 3733 ——m—..a‘

240 3778 267 3835 ll
288 3774 451 3842 Woltjerus,
481 3775 526 3840 qui
545 3775 647 3839 omnia,
676 3790 744 3842 quae
763 3776 904 3828 Lucretius
923 3777 1023 3844 tradit,
1052 3777 1087 3829 ad
1106 3777 1250 3844 Epicurum
1270 3778 1364 3844 refert,

186 3865 255 3918 hanc
281 3882 386 3934 quoque
413 3866 619 3934 descriptionem
638 3876 772 3933 sumptam
792 3881 850 3920 esse
869 3878 960 3921 censet
979 3883 1012 3920 er
1030 3868 1105 3922 libris
1124 3868 1264 3936 magistri,
1285 3884 1363 3935 quem

186 3955 260 4008 illam
279 3956 443 4022 Thucydidis
461 3955 669 4023 descriptionem
688 3958 715 4009 in
736 3956 818 4009 libros
837 3972 900 4010 suos
912 3958 1084 4012 transtulisse
1104 3958 1260 4011 arbitratur.
1290 3957 1365 4011 Veri·

186 4045 300 4099 similius
320 4050 368 4114 est,
388 4045 460 4112 quod
479 4045 574 4098 liuuro
594 4046 762 4099 demonstrat
779 4047 934 4100 Lucretium
955 4063 987 4100 ex
1006 4048 1090 4115 ipsius
1105 4046 1269 4114 Thucydidis
1288 4047 1363 4100 libris

184 4134 255 4188 hanc
274 4144 377 4203 purtem
397 4135 509 4189 carmini
529 4151 577 4189 suo
596 4135 739 4190 addidisse.

246 4227 274 4289 2)
293 4225 395 4279 Versus
417 4226 485 4280 1245
504 4241 549 4294 eo,
575 4242 627 4293 quo
647 4231 736 4279 exstat
754 4227 825 4294 loco,
846 4227 909 4281 ferri
930 4243 982 4281 non
1001 4233 1108 4294 potest3
1136 4234 1284 4295 posuerunt
1303 4243 1363 4282 eum

186 4313 317 4368 Marullus
336 4321 397 4382 post
408 4318 487 4381 1241,
507 4316 602 4369 melius
614 4316 754 4371 Bentleius
774 4324 834 4384 post
850 4319 926 4381 1236,
946 4319 1017 4385 quia,
1036 4322 1068 4371 ut
1082 4318 1270 4371 Lachmannus
1290 4327 1364 4372 recte

187 4408 311 4472 annotat,
331 4413 412 4472 poeta
430 4406 480 4459 hoc
498 4406 557 4460 loco
577 4407 695 4461 ordinem
715 4407 854 4460 verborum
876 4407 1040 4475 Thucydidis
1058 4408 1157 4461 tenuit.
