3214 5024
661 1592 819 1693 Caput
852 1593 879 1669 I.

293 1839 590 1925 Comparationes‚
627 1841 688 1904 etsi
724 1840 801 1922 inde
837 1839 881 1904 ab
906 1839 1045 1904 Homeri
1077 1839 1289 1925 temporibus
1317 1839 1365 1903 ab

185 1946 358 2022 omnibus,
392 1947 449 2032 qui
470 1968 538 2011 ›eas
567 1947 806 2024 adhibuerunt,
830 1960 1026 2032 propterea,
1051 1960 1087 2011 ut
1112 1949 1300 2011 orationem
1327 1959 1361 2010 et

185 2051 421 2117 dilucidiorem
466 2067 500 2117 et
543 2055 749 2118 ornatiorem
798 2054 953 2118 facerent
999 2067 1033 2118 et
1072 2054 1362 2118 continuationem

184 2160 375 2245 seriemque
418 2163 583 2225 sermonis
625 2162 929 2246 interrumperent,
972 2174 1155 2246 usurpatae
1196 2173 1292 2236 sunt:
1328 2161 1361 2223 in

184 2265 336 2330 Lucretii
361 2266 576 2344 carminibus
600 2281 637 2332 ut
660 2266 810 2349 breviter
834 2271 899 2331 iam
924 2268 1080 2344 diximus,
1105 2290 1180 2331 eam
1197 2267 1363 2352 imprimis

104 2360 109 2368 ’
187 2372 254 2434 vim
289 2371 432 2450 habent,
468 2386 522 2450 ut,
557 2395 633 2438 cum
670 2376 802 2439 ornatui
838 2376 1051 2459 potissimum
1086 2375 1252 2461 imagines
1288 2376 1361 2438 sive

184 2479 430 2565 descriptiones
462 2483 588 2566 passim
621 2483 763 2546 orationi
794 2482 965 2546 admixtae
978 2483 1003 2567 1)
1037 2482 1238 2565 inserviant,
1264 2482 1363 2565 ipsae

184 2608 241 2669 ea,
273 2609 361 2672 quae
390 2603 493 2673 poeta
527 2590 791 2666 demonstravit,
823 2590 856 2653 in
888 2590 1030 2654 clariore
1064 2589 1140 2653 luce
1169 2601 1299 2673 ponant
1324 2601 1358 2653 et

184 2696 281 2778 quasi
306 2695 413 2758 oculis
437 2697 520 2781 ipsis
544 2697 723 2774 subiciant,
748 2719 835 2782 quae
860 2697 1030 2760 interdum
1055 2699 1112 2759 vix
1129 2717 1149 2759 a
1166 2695 1362 2782 legentibus

184 2800 479 2886 intellegebantur.
542 2802 630 2879 Sed,
677 2817 714 2867 ut
758 2826 893 2868 omnem
932 2806 1020 2868 hanc
1066 2805 1358 2889 comparationum

185 2908 317 2991 copiam
335 2910 594 2993 perspiciamus,
610 2911 694 2974 alios
711 2912 876 2996 quosdam
891 2913 1049 2975 carminis
1062 2912 1157 2976 locos
1170 2912 1361 2997 adiungere

184 3012 359 3091 debemus,
384 3017 440 3100 qui
464 3039 485 3080 a
508 3017 779 3081 similitudinibus
803 3018 893 3081 nulla
918 3040 954 3081 re
972 3018 1133 3083 differunt
1157 3019 1220 3081 nisi
1235 3019 1363 3095 forma,
1422 3064 1428 3079 .

184 3145 251 3210 qua
297 3122 512 3187 inducuntur.
559 3124 733 3188 Interdum
769 3127 856 3188 enim
894 3140 1018 3210 poeta,
1060 3138 1241 3211 postquam
1286 3148 1359 3188 rem

183 3231 330 3316 aliquam
355 3231 579 3295 difficiliorem
604 3233 861 3309 demonstravit,
885 3233 1026 3318 Epicuri
1058 3234 1241 3323 rationem:
1279 3236 1358 3317 περὶ

133 3350 135 3353 ’
183 3341 246 3400 νῶν
259 3332 387 3420 ἀδήλων
400 3331 468 3402 cinti
481 3343 770 3420 coinquinamentum
785 3338 844 3424 χρὴ
861 3344 1245 3424 ontraroiollarllsecutus
1258 3340 1362 3403 aliam

184 3465 253 3506 rem
287 3445 425 3508 similem
459 3446 682 3532 omnibusque
713 3464 826 3512 notam
861 3448 976 3523 affert,
1007 3460 1043 3511 ut
1067 3448 1122 3511 illa
1146 3448 1281 3510 adiutus
1305 3469 1356 3530 ea,

183 3573 270 3636 quae
294 3553 368 3637 ipse
392 3553 519 3630 docuit,
544 3555 650 3640 magis
673 3556 797 3640 probet
822 3569 856 3619 et
880 3555 1065 3621 confirmet.
1101 3554 1200 3618 Hanc
1225 3556 1287 3618 etsi
1311 3555 1359 3618 ita

181 3658 381 3745 plerumque
416 3660 538 3747 elegit,
574 3675 611 3725 ut
646 3684 749 3749 quam
775 3662 921 3726 maxime
946 3662 976 3725 ei
1000 3662 1068 3738 rei,
1102 3682 1191 3745 quae
1216 3662 1362 3724 demon-

181 3766 366 3844 strabatur,
390 3769 626 3852 responderet,
643 3780 757 3833 tamen
773 3790 841 3832 non
857 3790 992 3854 semper
1007 3770 1056 3833 sic
1073 3767 1361 3832 antecedentibus

181 3874 345 3951 adiunxit,
369 3886 405 3939 ut
429 3875 517 3940 iusta
540 3877 751 3961 comparatio
775 3878 963 3943 exsisteret.
1010 3876 1073 3954 Ita,
1097 3887 1134 3940 ut
1160 3875 1355 3960 exemplum

183 4001 392 4009 -ι-»ο--ρ-..κ

242 4052 270 4118 1)
288 4052 441 4119 Imaginnm
466 4052 524 4106 sive
549 4052 772 4120 descriptionum,
802 4069 870 4120 quae
895 4054 967 4122 apud
992 4053 1144 4107 Lucretium
1171 4053 1361 4116 inveniuntur,

179 4139 253 4194 locos
272 4149 413 4196 enumerat
432 4143 651 4197 Bouterweulrins
671 4143 757 4197 ‘Luca
770 4145 941 4210 quaestiones
956 4159 1070 4211 gramm.
1084 4147 1112 4196 et
1122 4144 1182 4196 orit.
1192 4142 1269 4196 Halis
1278 4142 1355 4196 1861’
1417 4167 1420 4171 ·

180 4246 205 4297 p.
226 4232 251 4282 5.
288 4230 438 4287 Praetereo
463 4232 587 4287 conferas
617 4233 830 4302 Grusbergernm
855 4233 897 4288 ‘de
922 4233 1041 4286 Lucretii
1067 4232 1193 4286 carmine.
1220 4231 1358 4285 Monaohii

181 4323 251 4375 1856
269 4337 295 4388 p.
308 4322 422 4377 34-36.

240 4413 268 4475 2)
287 4410 367 4479 Diog.
386 4412 477 4466 Laert.
487 4412 520 4477 X,
531 4413 575 4467 32.
