3214 5024
627 1675 932 1754 Praefatio.

299 2227 482 2303 Lucreti0,
514 2248 591 2291 cum
623 2228 763 2313 Epicuri
796 2229 926 2291 ratione
958 2229 1208 2314 disciplinaque
1233 2230 1369 2313 penitus

193 2348 374 2419 perspecta
419 2335 491 2397 eius
535 2335 577 2398 de
622 2356 734 2397 rerum
770 2348 891 2398 natura
928 2336 1135 2412 doctrinam,
1172 2358 1239 2422 qua
1274 2337 1370 2421 quasi

191 2441 381 2505 firmissimo
415 2442 640 2505 fundamento
664 2441 837 2527 Epicurea
869 2443 1084 2527 philosophia
1108 2443 1297 2519 nitebatur,
1332 2455 1371 2506 ut

192 2549 284 2633 quod
309 2549 464 2612 solatium
488 2550 550 2634 ipsi
575 2549 792 2634 praebuerat,
817 2550 946 2613 civibus
970 2571 1107 2635 quoque
1131 2551 1199 2613 suis
1216 2552 1370 2640 afferret,

192 2676 269 2718 cum
287 2655 452 2719 Romanis
469 2658 720 2720 communicare
737 2659 919 2732 statuisset,
940 2657 1033 2721 duae
1057 2678 1111 2721 res
1134 2657 1369 2742 providendae

192 2775 299 2837 erant,
323 2775 360 2825 ut
384 2783 521 2826 suorum
546 2765 646 2827 animi
670 2764 781 2828 studio
806 2765 1042 2849 philosophiae
1066 2786 1134 2828 non
1158 2787 1369 2851 magnopere

192 2868 299 2934 dediti
333 2883 366 2932 et
398 2870 443 2933 ad
479 2871 642 2956 legendos
679 2871 784 2935 libros
819 2873 923 2956 ipsius
956 2873 1059 2935 facile
1094 2872 1311 2936 allicerentur
1336 2886 1369 2937 et

191 2975 304 3039 allecti
329 2977 425 3040 novis
456 2977 620 3042 doctrinis
655 2980 838 3042 maximam
869 2991 1001 3063 partem
1036 2979 1267 3043 subtilioribus
1292 2995 1325 3044 et
1348 3003 1369 3044 a

192 3104 294 3146 sensu
319 3085 490 3148 communi
522 3086 619 3148 nimis
651 3087 767 3149 alienis
797 3086 945 3150 dilucida
971 3088 1101 3150 ratione
1126 3087 1369 3150 imbuerentur.

142 3180 146 3187 ’
193 3191 308 3276 Atque
334 3192 414 3256 illud
438 3194 587 3277 quidem,
613 3208 648 3258 ut
672 3195 879 3258 accederent
904 3194 1051 3258 Romani
1075 3195 1120 3258 ad
1145 3217 1239 3271 eam,
1265 3217 1368 3282 quam

193 3300 373 3385 tractabat,
399 3301 647 3385 philosophiam
672 3302 948 3387 cognoscendam
984 3302 1158 3366 efficiebat
1182 3314 1285 3387 poeta
1311 3304 1369 3379 ita,

192 3416 239 3481 ut,
275 3428 343 3491 quo
376 3408 449 3490 ipsa
485 3429 561 3470 eum
598 3410 737 3493 egregia
773 3408 902 3471 indoles
938 3409 1085 3485 ferebat,
1119 3409 1272 3473 versibus
1297 3432 1367 3473 rem

193 3527 458 3599 persequeretur
499 3537 642 3601 eamque
684 3528 806 3580 ornatu
841 3518 995 3601 poetic0,
1031 3518 1063 3578 in
1101 3538 1168 3602 quo
1204 3518 1370 3602 imprimis

192 3622 356 3707 imagines
391 3622 570 3687 habendae
607 3635 703 3700 sunt,
738 3624 938 3698 instrueret3
970 3624 1153 3708 perspicua
1177 3636 1290 3687 autem
1316 3645 1370 3701 ea,

192 3750 279 3813 quae
305 3729 474 3806 tradebat,
499 3731 649 3795 faciebat
673 3730 833 3795 adhibitis
849 3732 1026 3815 permultis
1044 3731 1369 3816 comparationibus

193 3857 299 3920 quae,
341 3837 404 3900 etsi
448 3837 544 3922 ipsae
590 3859 727 3923 quoque
760 3838 928 3901 interdum
965 3839 1154 3902 orationem
1188 3851 1369 3916 exornant,

192 3954 306 4006 tamen
330 3965 371 4007 eo
402 3945 564 4029 imprimis
595 3946 733 4009 consilio
765 3966 785 4008 a
814 3945 977 4010 Lucretio
1002 3958 1186 4031 usurpatae
1211 3959 1306 4023 sunt,
1331 3957 1371 4009 ut
1408 3998 1416 4019 ,

191 4050 333 4135 Epicuri
356 4052 489 4137 placitis
513 4052 625 4115 lumen
648 4052 861 4119 adhiberent.
902 4053 982 4130 Qua
999 4053 1042 4117 de
1059 4074 1173 4129 causa,
1198 4074 1275 4117 cum
1300 4075 1369 4117 non

114 4147 117 4153 ⁴
191 4159 398 4224 mediocrem
416 4160 527 4223 locum
550 4173 689 4223 teneant
705 4161 738 4223 in
754 4160 839 4225 illius
856 4160 1063 4225 carminibus
1082 4163 1365 4247 comparationes,

191 4286 259 4329 non
290 4267 405 4331 inutile
437 4267 516 4330 mihi
546 4269 654 4331 visum
679 4281 729 4333 est
753 4268 796 4331 de
820 4267 973 4332 Lucretii
997 4268 1031 4331 in
1055 4267 1369 4353 comparationibus

191 4372 394 4439 adhibendis
417 4396 480 4439 usu
504 4374 688 4460 disputare.
728 4375 844 4452 Quam
868 4398 940 4440 rem
964 4377 1010 4440 ita
1034 4376 1171 4453 institui,
1195 4388 1232 4439 ut
1257 4375 1371 4459 prima
