3214 5024
675 376 894 447 -47,-

190 594 238 636 τα
269 566 333 635 διὰ
365 575 437 634 τῶν
470 573 650 654 θυρίδων
685 568 929 654 φαινόμενα,
967 570 1064 657 δῆλον
1099 595 1165 635 που
1195 575 1293 634 τοῦτο
1326 563 1377 633 ὅτι

193 676 313 755 ἔξεισιν
344 679 407 759 μὲν
430 673 499 742 α’πό
522 682 582 741 τοῦ
606 675 767 757 σώματος,
798 675 834 741 ἐν
857 680 893 743 δὲ
916 684 960 764 τῷ
983 676 1147 761 ἐκβαίνειν
1171 681 1379 762 διαφορεῖται

194 790 251 850 καὶ
281 783 568 863 διασκεδανννται,
602 779 710 868 ὥσπερ
734 783 939 870 Δημόκριτος
977 789 1033 849 καὶ
1066 779 1260 868 Ἐπίκουρος
1294 779 1378 848 αἶπο-

192 898 359 978 φαίνεται.
1353 960 1358 965 .

301 1001 355 1064 Ex
392 1000 499 1065 altera
535 1001 808 1084 comparatione,
854 1022 941 1086 quae
976 1002 1042 1067 hoc
1078 1001 1155 1064 loco
1190 1000 1374 1064 invenitur:

187 1105 319 1172 -ἔνεστιν
347 1101 366 1191 ἡ
391 1103 480 1192 ψυχὴ
504 1112 549 1192 τῷ
579 1103 703 1187 σώματι
728 1104 886 1191 καθάπερ
910 1105 946 1171 ἐν
975 1103 1069 1193 α’σκῴ,
1102 1107 1194 1171 haud
1228 1108 1299 1172 scio
1333 1128 1377 1170 an

194 1227 289 1279 recte
320 1214 509 1301 Woltjerus
540 1214 558 1279 l.
575 1215 596 1277 l.
613 1236 648 1299 p.
669 1216 704 1286 71
741 1216 934 1300 suspicatus
966 1216 1008 1278 sit
1032 1214 1233 1280 Lucretium
1264 1216 1297 1277 in
1321 1214 1377 1277 illa

196 1343 333 1408 quoque
349 1321 576 1397 similitudine,
593 1343 695 1406 quam
708 1323 761 1388 Ill
780 1323 845 1385 440
862 1343 882 1385 a
897 1343 979 1385 vase
996 1323 1166 1406 repetivit,
1183 1320 1378 1385 adhibenda

195 1428 383 1513 Epicurum
407 1440 486 1492 ante
510 1428 628 1492 oculos
652 1428 821 1492 hahuisse.

302 1536 459 1621 Denique
478 1557 578 1598 unam
600 1536 890 1619 comparationem
904 1536 950 1599 ΙΙΙ
963 1538 1039 1613 360,
1054 1558 1122 1622 qua
1136 1536 1328 1613 Lucretius,
1340 1548 1377 1599 ut

188 1644 468 1708 adversariorum
508 1644 674 1706 rationem
712 1642 876 1720 illustret,
922 1643 1040 1708 oculos
1080 1656 1258 1728 comparat
1298 1664 1375 1707 cum

196 1750 342 1827 loribus,
381 1749 503 1835 quibus
536 1750 663 1834 apertis
695 1771 735 1813 ea
766 1770 854 1834 quae
887 1763 985 1814 extra
1017 1762 1095 1814 sunt
1128 1751 1299 1827 videmus,
1330 1751 1376 1814 ad

196 1858 409 1922 Heraclitum
452 1857 562 1920 redire
587 1856 777 1943 Woltjerus
808 1857 826 1922 l.
847 1857 868 1920 l.
886 1880 918 1941 p.
937 1859 977 1920 64
1010 1871 1103 1921 recte
1128 1857 1221 1922 dicit.
1278 1858 1375 1922 Haec

197 1966 286 2028 enim
330 1965 457 2049 scripta
492 1964 706 2027 inveniuntur
736 1963 829 2048 apud
864 1963 1007 2028 Sextum
1039 1965 1251 2049 Empiricum
1296 1965 1375 2028 adv.

196 2072 306 2137 Math.
333 2070 497 2135 V11130:
541 2067 577 2134 ἐν
611 2072 646 2135 δὲ
677 2068 863 2157 ἐγρηγορόσι
887 2069 990 2135 ποίλιν
1013 2068 1066 2136 διὰ
1090 2077 1154 2135 τοῖν
1178 2068 1377 2156 αἰσθητικῶν

195 2177 307 2264 πόρων
324 2172 452 2262 ὥσπερ
475 2175 538 2242 διοί
560 2200 679 2241 τινων
702 2180 874 2261 θυρίδων
898 2177 1077 2264 προκύψας
1093 2176 1124 2264 (ὁ
1141 2176 1176 2241 ἐν
1192 2174 1271 2263 ἡμῖν
1288 2185 1375 2260 νοῦς)

197 2290 253 2350 καὶ
268 2291 313 2371 τῷ
331 2292 520 2368 περιέχοντι
536 2280 710 2367 συμβαλών
726 2280 859 2369 λογικὴν
884 2284 1034 2350 ἐνδύεται
1058 2284 1204 2367 δύναμιν.

305 2395 375 2457 Has
399 2380 501 2480 igitur
525 2415 642 2457 omnes
667 2394 939 2478 comparationes
964 2393 1145 2458 Lucretius
1171 2417 1213 2457 ex
1235 2395 1376 2479 Epicuri

197 2504 332 2588 scriptis
349 2502 500 2565 hausisse
518 2501 670 2575 videtur;
688 2499 872 2564 Posidonio
890 2500 993 2564 debet
1009 2502 1098 2564 illam
1112 2502 1375 2579 similitudinem,

197 2631 311 2696 quam,
336 2622 373 2672 ut
397 2631 501 2692 supra
525 2608 678 2685 vidimus,
703 2608 747 2670 ad
764 2629 859 2671 suam
877 2608 920 2672 de
939 2622 1050 2672 terrae
1067 2623 1162 2673 motu
1179 2610 1375 2693 opinionem

199 2716 433 2779 illustrandam
457 2715 619 2779 adhibuit.

305 2823 358 2886 Ex
390 2844 529 2886 numero
560 2835 757 2907 poetarum,
787 2845 874 2908 quos
898 2822 1078 2887 Lucretius
1103 2824 1135 2886 in
1159 2824 1225 2886 hoc
1248 2845 1376 2909 genere

197 2931 345 2994 imitatus
369 2943 431 3006 est,
456 2931 601 3014 primum
626 2931 738 2994 locum
763 2943 856 2993 tenet
885 2930 1070 3007 Homerus,
1095 2931 1189 3015 quod
1212 2931 1375 3015 imprimis

199 3038 312 3102 elucet
344 3059 386 3101 ex
418 3058 459 3101 eo
490 3038 583 3114 l0c0‚
616 3059 735 3123 quem,
768 3039 831 3101 etsi
865 3039 952 3101 iusta
983 3038 1195 3122 comparatio
1220 3059 1287 3101 non
1312 3049 1375 3115 est,

199 3156 312 3208 tamen
325 3146 358 3208 in
375 3145 625 3209 similitudinum
643 3166 818 3208 numerum
834 3146 1035 3230 recepimuS,
1060 3144 1091 3208 ΙΙ
1108 3146 1172 3208 323
1186 3166 1272 3231 sqq..
1312 3145 1374 3208 His

198 3252 232 3314 in
257 3252 412 3316 versibus
443 3264 581 3337 poetam
614 3274 680 3315 non
713 3274 815 3315 unum
862 3252 1003 3316 Homeri
1038 3253 1226 3315 carminum
1263 3252 1375 3317 locum

197 3372 278 3422 ante
302 3360 418 3423 oculos
442 3359 600 3423 habuisse
625 3358 750 3423 Munro
775 3374 869 3424 recte
893 3360 985 3423 dicit.
1031 3358 1122 3423 Nam
1145 3360 1290 3444 primum
1315 3360 1376 3424 ob·

200 3478 355 3529 versatus
386 3466 416 3528 ei
448 3467 581 3531 videtur
613 3488 686 3530 esse
711 3466 826 3534 v.Od.
862 3468 965 3542 [5267
978 3488 1045 3552 sq:
1094 3467 1205 3551 Πλῆτο
1236 3468 1271 3531 δὲ
1306 3472 1376 3530 πᾶν

198 3575 316 3637 πεδίον
346 3576 456 3650 πεζῶν
486 3595 522 3637 τε
554 3577 608 3637 καὶ
644 3573 760 3637 ἵππων
783 3576 918 3638 Χαλκοῦ
940 3595 975 3637 τε
1000 3579 1170 3658 στεροπῆς,
1217 3574 1308 3637 Tum
1332 3576 1376 3640 si-

199 3681 323 3743 millimi
348 3682 436 3744 inter
459 3701 514 3758 se,
537 3681 572 3745 id
596 3680 779 3767 quodiam
804 3681 1051 3745 Wakefieldius
1075 3682 1176 3758 vidit,
1201 3682 1234 3744 hi
1257 3703 1375 3746 versus

198 3799 293 3851 sunt:

246 3897 345 3960 Lucr.
364 3893 393 3957 ll
417 3895 480 3958 325
505 3895 631 3981 ‘fulgor
651 3896 700 3960 ibi·
713 3897 758 3960 ad
774 3897 905 3960 caelum
922 3918 958 3959 se
976 3897 1071 3971 tollit,
1089 3908 1229 3982 totaque
1247 3899 1374 3961 circum

246 4023 327 4065 aere
353 4002 539 4067 renidescit
563 3988 671 4085 tellus,
695 4016 880 4089 supterque
906 4003 1013 4066 virum
1039 4004 1071 4066 vi

246 4111 379 4174 excitur
402 4109 550 4195 pedibus
573 4112 709 4174 sonitus'
1297 4122 1330 4174 et

246 4217 283 4284 Il.
304 4224 336 4280 T
358 4219 421 4281 302
447 4216 540 4304 αἴγλη
565 4213 595 4281 δ’
620 4211 760 4302 οὐρανὸν
785 4204 843 4303 ἷκε,
869 4215 1000 4295 γέλασσε
1024 4219 1058 4281 δὲ
1079 4222 1171 4280 πᾶσα
1188 4220 1266 4301 περὶ
1283 4215 1375 4296 χθών

244 4324 364 4403 χαλκοῦ
390 4319 456 4388 ὑπὸ
481 4330 649 4408 στεροπῆς·
676 4319 739 4387 ὑπὸ
764 4326 799 4389 δὲ
822 4322 944 4396 κτύπος
968 4322 1091 4405 ὤρνυτο
1115 4329 1233 4388 ποσσίν

244 4427 383 4523 ἀνδρῶν,
