3214 5024
641 390 774 452 ..29
824 426 862 436 -.

162 586 228 650 sita
252 598 340 661 sunt,
365 584 520 649 omnibus
544 585 686 649 aliorum
710 586 781 649 sive
808 606 965 649 versuum
986 585 1056 648 sive
1074 583 1257 648 verborum
1275 582 1343 647 ele·
1421 630 1425 635 -

163 694 285 758 mentis
309 692 407 777 paria
431 705 518 759 sunt.

271 798 451 864 Postremo
464 798 639 864 Gneissius
653 820 704 876 ea,
723 821 811 885 quae
825 799 978 864 versibus
992 799 1068 875 698,
1082 799 1100 863 9
1116 799 1341 882 continentur,

166 910 250 973 talsa
282 927 357 972 esse
390 907 489 989 dicit,
514 928 592 972 cum
622 908 770 970 humano
794 908 912 994 generi
936 919 969 970 et
994 906 1146 992 frugibus
1171 906 1341 992 quaedam

164 1020 293 1082 semina
324 1016 516 1080 communia
548 1015 632 1091 sint,
666 1015 710 1077 ita
736 1028 772 1077 ut
797 1014 862 1078 dici
886 1026 1034 1100 nequeat
1058 1015 1119 1078 has
1143 1014 1236 1090 aliis,
1269 1014 1342 1077 aliis

130 1132 133 1137 ’
165 1125 316 1188 homines
348 1136 514 1217 constare.
567 1120 638 1186 Sed
669 1122 800 1185 etiamsi
833 1122 1003 1207 quaedam
1036 1122 1164 1185 semina
1194 1122 1341 1185 humano

163 1232 281 1318 generi
299 1243 332 1295 et
349 1229 503 1317 frugibus
519 1230 710 1294 communia
727 1240 815 1306 sunt,
839 1240 963 1306 tamen,
981 1250 1057 1292 cum
1074 1250 1142 1293 non
1158 1227 1342 1292 omnibus

164 1337 347 1403 seminibus
377 1338 530 1403 homines
561 1350 595 1401 et
627 1337 747 1422 fruges
772 1338 860 1400 inter
882 1357 919 1401 se
944 1337 1178 1411 consentiant,
1202 1337 1273 1399 iure
1298 1357 1342 1400 ex

164 1447 214 1522 iis,
240 1467 327 1531 quae
352 1440 452 1509 antea
477 1449 542 1524 (vv.
560 1443 752 1528 oto-694)
777 1443 951 1528 disputata
975 1454 1069 1520 sunt,
1098 1455 1202 1529 poeta
1226 1443 1342 1508 dicere

164 1565 278 1638 potest
302 1574 344 1615 ex
369 1552 442 1616 aliis
467 1564 626 1616 constare
654 1551 855 1635 „humanum
879 1572 988 1638 genus
1005 1564 1039 1615 et
1055 1550 1169 1637 fruges
1187 1550 1343 1615 arbusta-

163 1681 231 1745 que
256 1660 375 1723 laeta.“
1280 1662 1284 1669 ’

152 1765 155 1769 ’
272 1766 390 1842 Quare
416 1766 496 1830 nihil
520 1766 656 1830 obstare
681 1767 759 1829 mihi
781 1767 924 1842 videtur,
950 1766 1129 1851 quominus
1145 1767 1206 1830 hos
1223 1788 1342 1830 versus

162 1896 184 1937 a
208 1873 370 1937 Lucretio
394 1875 469 1959 ipso
493 1874 639 1957 scriptos
663 1894 736 1937 esse
761 1873 972 1939 arbitremur.

273 1980 383 2044 Aliter
418 2001 473 2044 res
508 2001 545 2043 se
581 1979 684 2044 habet
719 1981 752 2043 in
788 1980 894 2044 altera
931 1983 1201 2066 comparatione,
1239 2002 1341 2066 quam

162 2109 266 2172 supra
290 2089 371 2164 dixi,
395 2088 424 2150 ΙΙ
453 2089 624 2174 1013sqq.

281 2194 386 2270 'Quin
411 2197 512 2259 et'am
538 2194 641 2258 refert
666 2197 789 2259 nostris
814 2196 846 2258 in
874 2196 1025 2259 versibus
1050 2197 1130 2280 ipsis

299 2323 376 2365 cum
401 2303 522 2387 quibus
547 2316 580 2366 et
604 2302 695 2387 quali
718 2304 783 2366 sint
808 2302 926 2366 ordine
948 2324 1104 2388 quaeque
1130 2304 1249 2370 locata.

167 2410 262 2473 1015.
298 2431 444 2495 namque
469 2410 590 2473 eadem
614 2409 746 2474 caelum
771 2431 864 2474 mare
889 2422 997 2474 terras
1021 2410 1158 2475 flumina
1183 2411 1288 2475 solem

298 2517 488 2602 significant
513 2517 635 2580 eadem
659 2517 777 2602 fruges
802 2517 940 2580 arbusta
965 2518 1154 2582 animantis

296 2626 322 2689 si
348 2645 414 2688 non
440 2624 551 2689 omnia
575 2636 664 2700 sunt,
689 2638 724 2687 at
748 2624 853 2688 multo
877 2626 1023 2689 maxima
1047 2647 1129 2709 pars
1154 2638 1204 2690 est

297 2732 499 2797 consimilis:
525 2753 642 2795 verum
666 2733 817 2816 positura
843 2732 1064 2818 discrepitant
1088 2754 1154 2797 res.

296 2840 344 2903 sic
370 2840 452 2924 ipsis
476 2839 508 2901 in
534 2838 636 2903 rebus
660 2840 740 2902 item
765 2840 830 2902 iam
855 2839 1008 2903 materiai

166 2948 264 3012 1020.
302 2945 491 3034 [intervalia
516 2947 587 3009 vias
612 2967 764 3010 conexus
787 2946 942 3031 pondera
966 2946 1100 3034 plagas]

296 3074 482 3119 concursus
506 3066 617 3117 motus
641 3053 727 3117 ordo
751 3054 903 3139 positura
928 3055 1057 3138 figurae

296 3183 373 3226 cum
397 3173 643 3245 permutantur,
669 3163 790 3226 mutari
816 3184 869 3225 res
894 3183 1029 3247 quoque
1055 3162 1192 3229 debent.

270 3269 365 3332 Haec
399 3269 609 3352 comparatio
643 3269 718 3354 ipsa
749 3291 886 3355 quoque
919 3284 953 3332 ut
986 3291 1046 3346 ea,
1077 3272 1120 3334 de
1145 3291 1212 3355 qua
1236 3271 1342 3334 modo

124 3370 128 3383 '
162 3377 251 3446 dixi,
276 3376 306 3438 11
331 3377 495 3461 08851]οἿ
530 3397 596 3439 non
632 3397 693 3439 suo
729 3376 805 3441 loco
839 3377 949 3461 posita
985 3390 1053 3452 estj.
1089 3399 1185 3454 nam,
1218 3398 1260 3441 ne
1293 3378 1343 3442 ad

162 3506 215 3548 vv.
239 3483 388 3553 1007-‘3
416 3483 594 3557 referatur,
620 3506 672 3545 vu.
697 3484 809 3546 1010-
832 3487 867 3546 12
893 3485 1082 3570 interpositi
1108 3483 1342 3569 prohibent.¹)*

161 3590 231 3654 Sed
254 3593 342 3655 haec
367 3590 502 3654 omnino
527 3612 592 3654 non
615 3612 635 3653 a
652 3589 815 3655 Lucretio
835 3592 967 3654 videtur
983 3593 1109 3676 scripta
1126 3613 1210 3657 esse.
1246 3591 1337 3655 Nam

162 3718 238 3761 curn
262 3698 400 3762 omnino
424 3698 581 3762 undecim
606 3698 672 3760 sint
697 3719 832 3772 versus,
857 3719 899 3761 ex
923 3699 973 3762 his
997 3720 1058 3762 sex
1082 3699 1154 3762 aliis
1178 3699 1262 3763 locis
1286 3720 1339 3762 re-

161 3804 258 3889 petiti
283 3803 417 3889 sunt2);
442 3817 546 3891 atque
570 3805 603 3867 hi
628 3805 690 3889 ipsi
716 3805 781 3867 hoc
806 3805 882 3869 loco
906 3806 1068 3891 plurimas
1084 3805 1212 3870 habent
1228 3806 1338 3870 offen·

225 3947 249 4014 l)
269 3948 507 4002 Winckclmannus
527 3953 637 4015 (progr.
648 3947 801 4001 Salzwedet.
822 3947 930 4003 alssoi’
950 3965 975 4016 p.
992 3951 1034 4011 15)
1057 3965 1098 4002 vv.
1116 3949 1256 4002 1010-12
1274 3958 1338 4017 post

159 4053 182 4089 v.
205 4038 257 4091 756
283 4037 495 4105 transponendus
520 4052 577 4090 esse
603 4044 703 4093 censet.
749 4038 807 4091 Hoc
834 4039 979 4107 Briegerus
1007 4038 1115 4104 (Philol.
1142 4037 1217 4091 XXV
1244 4054 1269 4105 p.
1289 4040 1337 4104 89)

159 4126 270 4181 refutat.

219 4220 246 4284 2)
264 4220 294 4271 II
314 4220 383 4273 1013
404 4217 537 4286 „pussinr¹‘
557 4233 622 4271 voce
641 4218 668 4270 iu
690 4217 806 4282 „refert“
827 4228 933 4272 nutam
952 4244 986 4264 =
1006 4220 1019 4272 1
1038 4219 1102 4287 8233

265 4309 295 4361 II
316 4310 383 4362 1014
402 4308 455 4362 fine
474 4313 578 4361 mutato
597 4332 631 4353 =
651 4308 665 4360 I
684 4310 750 4374 6183
771 4308 799 4361 ΙΙ
821 4311 889 4363 1015
908 4332 942 4352 =
960 4310 975 4363 I
993 4312 1060 4377 820;

265 4398 374 4452 111016
394 4397 472 4451 initio
492 4398 665 4450 mutat0=1
684 4399 749 4464 8213
766 4399 795 4451 ΙΙ
815 4399 967 4453 102οε11
987 4400 1053 4467 726;
1074 4400 1101 4453 ΙΙ
1122 4402 1188 4454 1021
1203 4424 1233 4444 =
1246 4402 1260 4455 I
1273 4402 1334 4457 685.
