3214 5024
755 398 974 458 -.22-

271 590 468 667 Goebelius‚
493 592 548 677 qui
566 589 764 654 Lucretium
788 590 910 654 eadem
936 591 1151 657 similitudine
1175 591 1220 656 lll
1252 595 1311 658 189
1337 606 1370 656 et
1392 595 1452 658 190

273 720 370 762 usum
387 718 462 762 esse
479 698 573 774 dicit,
591 710 625 760 et
641 696 826 784 Briegerus
842 700 952 779 (Burs
970 698 1068 766 anall,
1090 700 1173 769 1873
1191 713 1215 764 t.
1235 701 1272 763 ll.
1290 723 1321 784 p.
1344 702 1451 781 1118).

271 806 367 870 ldem
391 817 486 870 recte
511 805 674 869 intellexit
699 806 921 890 „perculsus“
945 807 978 869 in
1003 830 1033 871 v.
1051 806 1114 873 455
1139 829 1206 872 non
1232 811 1450 873 referendum

273 935 347 977 esse
373 913 418 977 ad
442 914 638 992 ‚,baustus“,
663 912 724 975 sed
748 913 793 976 ad
817 914 1054 998 ,‚papaveris“.

380 1040 451 1102 lam
476 1039 692 1124 inspiciamus
717 1038 882 1123 quosdam
908 1040 1013 1103 exiis
1038 1041 1135 1117 locis,
1159 1041 1282 1127 quibus
1306 1042 1361 1105 vel
1384 1063 1451 1105 non

275 1160 368 1210 recte
393 1147 480 1210 inter
503 1167 540 1209 se
564 1146 772 1230 respondent
796 1167 850 1209 res
876 1161 1077 1232 comparata
1100 1160 1134 1211 et
1151 1151 1372 1233 comparatio,
1398 1151 1451 1212 vel

272 1254 484 1339 comparatio
517 1265 645 1317 certam
676 1252 720 1316 ob
746 1274 885 1318 causam
910 1252 1073 1318 Lucretio
1097 1255 1326 1318 abiudicanda
1351 1257 1451 1320 vide-

272 1375 326 1425 tur
351 1382 436 1425 esse,

377 1487 550 1550 Interdum
586 1498 729 1570 poetae,
765 1507 842 1549 cum
878 1486 1049 1572 longiores
1086 1489 1360 1572 comparationes
1391 1489 1452 1552 ad-

271 1595 406 1674 hibent,
443 1606 646 1680 propterea,
692 1593 784 1677 quod
819 1606 878 1656 aut
913 1594 1100 1657 orationem
1138 1595 1245 1679 magis
1285 1616 1450 1658 exornare

271 1703 409 1766 student
432 1714 490 1765 aut
514 1702 588 1785 ipsa
605 1723 653 1772 re,
677 1722 765 1786 quae
783 1703 1038 1786 comparatione
1056 1703 1264 1779 continetur,
1290 1702 1450 1766 commoti

271 1832 339 1873 non
363 1810 444 1873 satis
467 1809 762 1885 animadvertunt,
788 1810 870 1894 quid
894 1808 975 1872 illud
999 1810 1058 1886 sit,
1081 1810 1174 1893 quod
1198 1810 1366 1873 illustrare
1392 1832 1452 1873 vo-

273 1918 356 1992 lunt,
381 1917 508 2002 aliquid
533 1916 675 1992 addunt,
700 1917 792 2001 quod
810 1917 856 1980 ita
873 1938 944 1979 rem
958 1929 1193 2001 comparatam
1212 1939 1278 1980 non
1295 1917 1449 1991 illustrat,

272 2038 308 2088 ut
339 2029 469 2088 animos
501 2024 685 2109 legentium
721 2023 764 2086 ab
798 2045 857 2100 ea,
891 2024 934 2087 de
966 2045 1034 2110 qua
1063 2025 1193 2109 agitur,
1218 2047 1254 2086 re
1278 2024 1450 2087 deflectat.

271 2132 348 2196 Hoc
382 2133 474 2217 apud
505 2132 721 2207 Lucretium,
754 2132 810 2216 qui
843 2152 971 2214 paucas
1007 2142 1138 2194 tantum
1171 2132 1341 2215 copiosius
1373 2131 1451 2194 des-

272 2243 400 2324 criptas
418 2239 692 2324 comparationes
709 2238 873 2314 adhibuit,
891 2259 957 2301 uno
974 2239 1051 2302 loco
1068 2240 1236 2302 invenitur
1253 2238 1285 2302 ll
1302 2237 1448 2323 552sqq.
1546 2302 1550 2308 ,

270 2346 319 2409 lbi
352 2347 441 2410 enim
470 2359 573 2431 poeta
597 2345 801 2430 primordia,
826 2356 883 2422 ut,
917 2346 945 2408 si
967 2346 1061 2408 linito
1085 2367 1226 2409 numero
1251 2358 1384 2419 essent,
1409 2366 1450 2408 ea

273 2475 456 2539 numquam
490 2453 672 2536 „materiae
704 2463 798 2515 tanto
830 2452 862 2514 in
893 2452 1039 2537 pelago“
1071 2453 1162 2516 coire
1186 2474 1288 2537 posse
1315 2453 1448 2536 doceat,

273 2582 348 2624 cuni
376 2562 471 2624 navis
495 2561 628 2624 fractae
661 2559 817 2644 partibus
842 2572 1038 2644 comparat,
1063 2581 1151 2646 quae
1179 2581 1261 2645 ,per
1284 2572 1450 2623 terrarum

271 2668 378 2732 omnis
412 2668 510 2731 oras“
547 2668 787 2747 disiectantur;
820 2688 931 2752 neque
961 2687 1042 2730 vero
1072 2667 1154 2730 illud
1178 2668 1261 2730 dicit
1285 2667 1356 2730 fieri
1383 2688 1449 2729 non

270 2796 384 2861 posse,
409 2788 445 2838 ut
469 2787 584 2859 partes
609 2797 769 2860 umquam
794 2776 939 2853 coirent,
964 2777 1025 2840 sed
1051 2776 1244 2862 fragmenta
1268 2777 1323 2840 illa
1346 2797 1451 2861 prop-

271 2896 366 2947 terea
399 2883 557 2947 fluctibus
589 2884 740 2969 dispergi
774 2884 885 2961 addit,
910 2897 947 2947 ut
977 2885 1157 2962 mortales,
1181 2906 1223 2947 ne
1253 2885 1336 2947 mari
1368 2904 1450 2948 con-

272 2992 427 3068 fiderent,
452 3003 638 3057 monerent.
673 2989 782 3054 Poeta
806 2992 908 3078 igitur
929 2992 1002 3077 ipsa
1019 2993 1276 3077 comparatione
1293 2992 1340 3054 ita
1357 3012 1446 3054 com·

272 3109 438 3175 movetur,
463 3109 501 3161 ut
525 3097 649 3162 oblitus
674 3097 718 3174 id,
743 3098 836 3183 quod
859 3098 1025 3163 illustrare
1042 3099 1125 3176 vult,
1149 3120 1185 3163 se
1203 3099 1318 3163 dolere
1336 3110 1449 3160 osten-

272 3204 331 3268 dat
357 3242 395 3250 *-
421 3204 456 3267 id
480 3204 573 3290 quod
597 3205 767 3289 copiosius
791 3204 825 3268 V
846 3206 930 3267 1000
940 3226 1013 3292 sqq.
1039 3206 1284 3269 demonstravit
1301 3242 1333 3250 —
1356 3203 1449 3289 quod

270 3312 424 3375 homines
449 3311 583 3375 solebat
609 3311 754 3396 ,placidi
779 3313 925 3397 pellacia
948 3313 1044 3398 ponti
1067 3312 1211 3376 subdola
1233 3312 1392 3398 pellicere
1416 3311 1449 3374 in

273 3418 432 3482 fraudem
456 3418 642 3482 ridentibus
666 3419 785 3482 undis“
813 3419 861 3502 (V
881 3420 975 3497 1004,
993 3419 1036 3500 5).

377 3525 428 3588 lV
453 3526 514 3594 897
530 3546 604 3611 sqq.
656 3525 798 3590 Duabus
829 3525 930 3590 rebus
962 3526 1144 3592 Lucretius
1175 3527 1258 3592 dicit
1288 3527 1380 3602 fieri,
1413 3539 1449 3590 ut

271 3654 398 3718 corpus
422 3645 617 3698 moveatur:
642 3633 790 3718 primum
812 3654 852 3697 ea
869 3635 1011 3711 ratione,
1036 3647 1072 3701 ut
1087 3636 1311 3720 protrudatur
1326 3634 1448 3716 anima,

271 3762 359 3827 quae
416 3741 490 3826 ipsa
543 3741 655 3804 animo
710 3740 897 3806 simulacris
954 3742 1088 3806 meandi
1140 3742 1277 3827 pulsato
1328 3741 1450 3804 feritur

271 3849 342 3927 (vv.
361 3848 570 3931 881-891);
594 3847 718 3913 deinde
742 3848 800 3924 ita,
824 3860 861 3911 ut
885 3869 964 3912 aere
982 3870 1119 3934 quoque
1144 3849 1367 3934 propellatur,
1392 3848 1449 3934 qui

272 3956 304 4018 in
322 3975 460 4040 corpus,
477 3955 570 4041 quod
587 3966 658 4018 tum
675 3955 827 4032 rarescit,
845 3955 973 4020 invadit
990 3958 1057 4036 (vv.
1077 3955 1278 4038 892-890).
1315 3955 1449 4019 Deinde

272 4075 463 4148 sequuntur
486 4062 587 4126 haec:

274 4170 346 4234 896.
372 4169 547 4254 ‘corporis
596 4168 661 4233 Hic
685 4169 789 4256 igitur
813 4170 914 4235 rebus
938 4171 975 4234 fit
999 4171 1168 4256 utrimque
1193 4169 1337 4247 duabus,

339 4261 346 4269 ’
376 4276 529 4359 corporis
554 4288 590 4338 ut
613 4296 654 4340 ac
678 4276 774 4339 navis
798 4277 883 4342 velis
906 4289 1077 4363 ventoque
1102 4275 1252 4343 feratur'.

379 4382 528 4446 Versum
561 4383 623 4453 897
662 4383 819 4448 Muretus
852 4404 998 4471 eumque
1033 4397 1171 4449 secutus
1207 4383 1450 4449 Lachmannus
