3214 5024
749 387 961 448 ,20-

266 604 337 645 rern
378 587 611 667 comparatam
653 603 755 668 quam
792 582 937 644 maxime
972 581 1020 644 rei
1055 594 1275 666 comparatae
1311 581 1445 645 videtur

269 690 565 754 accommodasse:
592 689 640 751 Vl
668 688 817 774 5l8sqq.

366 796 417 861 Ibi
430 796 508 860 inde
521 819 542 860 a
554 817 655 860 versu
670 796 732 859 535
746 797 891 881 primum
905 808 1031 860 terram
1043 806 1227 880 propterea
1243 815 1443 859 concussam

266 905 334 968 late
358 916 504 967 tremere
529 903 656 980 docuit,
681 903 774 989 quod
798 894 1106 989 interdum'magni
1129 914 1261 965 montes
1279 903 1444 966 irruerent

265 1013 297 1074 io
323 1010 523 1097 speluncaS,
548 1031 636 1096 quae
661 1010 779 1075 subter
802 1022 927 1074 terram
952 1022 1075 1073 essent.
1124 1008 1257 1072 Deinde
1283 1031 1354 1071 rem
1378 1010 1443 1073 hoc

267 1118 427 1203 exemplo
452 1118 604 1181 illustrat.
1099 1120 1102 1127 “

368 1237 413 1302 ,et
444 1226 582 1306 merito,
615 1226 775 1310 quoniam
808 1224 950 1310 plaustri
963 1226 986 1306 ¹)
1029 1245 1195 1293 concussa
1237 1236 1442 1287 tremescunt

369 1345 462 1396 tecta
486 1333 575 1395 viam
599 1343 742 1418 propter
766 1353 834 1395 non
859 1353 983 1418 magno
1007 1331 1160 1417 pondere
1185 1343 1267 1407 tota,

267 1439 341 1503 550.
370 1462 433 1503 nec
459 1440 568 1502 minus
592 1439 783 1503 exultantes
806 1438 931 1524 dupuis
955 1460 1101 1525 cumque
1125 1439 1190 1501 vim

367 1548 514 1612 ferratos
538 1547 706 1630 utrimque
730 1558 878 1610 rotarum
903 1548 1050 1611 succutit
1074 1546 1194 1611 orbes’

374 1674 522 1737 Versum
554 1672 618 1736 550
648 1685 684 1736 ut
708 1674 944 1751 restituerent,
969 1693 1046 1736 cum
1071 1674 1124 1736 alii
1151 1673 1342 1754 „exultant“
1371 1693 1441 1734 rer·

267 1781 348 1845 bum
373 1782 417 1844 ad
441 1781 530 1844 idem
546 1780 738 1845 subiectum
756 1784 891 1856 „tecta“
908 1780 1127 1845 referendum
1145 1801 1218 1843 esse
1236 1778 1444 1862 censeant-¹),

267 1889 311 1953 ad
345 1888 438 1975 quod
471 1895 723 1970 „tremescunt“
760 1889 925 1972 pertinet,
966 1886 1020 1950 alii
1053 1887 1144 1951 aliud
1177 1886 1368 1950 subiectum
1401 1907 1443 1949 ex

267 1996 436 2082 corruptis
467 1994 580 2058 verbis
613 2017 671 2072 „es
696 1995 842 2079 dupuis“
867 1990 1067 2059 eliciendum
1093 2016 1166 2058 esse
1191 1993 1443 2071 arbitrentur3),

267 2104 312 2167 illi
346 2115 475 2168 rectam
510 2103 712 2166 emendandi
746 2103 912 2166 rationem
947 2103 1059 2166 iniisse
1085 2103 1163 2165 mihi
1190 2102 1360 2176 videntur,
1386 2101 1442 2184 qui

267 2212 311 2274 ad
345 2211 544 2288 „exultant“
576 2210 718 2274 verbum
751 2210 957 2274 subaudiunt
982 2217 1130 2287 „tecta“.
1177 2210 1231 2272 Ex
1255 2209 1305 2271 his
1329 2206 1444 2271 Lach-

266 2340 408 2382 mannus
434 2330 468 2382 et
491 2317 628 2394 Munro,
653 2339 796 2404 quorum
821 2318 1037 2382 coniecturas
1053 2338 1157 2401 supra
1172 2318 1205 2378 in
1223 2315 1443 2378 adnotatione

267 2426 424 2502 indicavi,
448 2425 554 2488 verba
579 2437 741 2511 corrupta
766 2426 812 2488 ita
837 2425 974 2509 quidem
990 2424 1269 2497 emendaverunt,
1295 2436 1331 2486 ut
1355 2444 1443 2508 quae

267 2534 299 2596 in
325 2532 501 2597 codicibus
531 2533 656 2618 scripta
682 2545 777 2609 sunt,
802 2553 904 2617 quam
929 2533 1073 2595 maxime
1098 2544 1326 2595 servarentur.
1374 2529 1443 2594 Sed

266 2653 361 2705 recte
395 2641 585 2716 Ruschius,
617 2641 673 2725 qui
708 2640 740 2719 (l.
758 2639 828 2724 lp.
848 2640 948 2720 6—8)
981 2640 1174 2703 accuratius
1208 2638 1252 2701 de
1276 2640 1341 2701 hoc
1365 2639 1443 2701 loco

265 2747 472 2834 disputavit,
505 2768 608 2811 unum
639 2746 786 2832 lapidem
818 2760 910 2810 rotas
943 2747 1111 2832 utrimque
1139 2747 1160 2809 i.
1179 2768 1206 2811 e.
1229 2745 1273 2809 ab
1298 2760 1443 2830 utroque

266 2855 407 2939 plaustri
432 2855 536 2918 latere
562 2866 743 2918 succutere
769 2876 835 2917 non
859 2875 961 2939 posse
987 2854 1078 2918 dicit.
1118 2854 1194 2937 lpse
1220 2854 1349 2938 optime
1373 2873 1445 2915 sus-

266 2963 398 3047 picatus
423 2983 497 3026 esse
522 2962 600 3024 rnihi
625 2962 759 3025 videtur
776 2960 974 3026 Lucretium
998 2962 1104 3024 simile
1126 2961 1253 3046 aliquid
1270 2960 1443 3044 scripsisse

268 3082 371 3156 atque
405 3067 591 3145 Senecam,
623 3070 681 3154 qui
714 3069 758 3138 N,
778 3067 993 3145 Q.V122,1
1028 3070 1073 3132 ad
1107 3070 1251 3132 eandem
1276 3089 1348 3130 rem
1373 3047 1445 3129 illu-

268 3177 444 3240 strandam
462 3177 582 3240 eadem
600 3177 674 3240 fere
692 3177 945 3262 comparatione
962 3177 1084 3240 utitur:
1103 3177 1152 3253 „si
1168 3176 1306 3261 quando
1320 3194 1443 3259 magna

267 3305 371 3348 onera
403 3305 465 3369 per
498 3285 588 3348 vices
619 3284 852 3348 vehiculorum
883 3284 1028 3369 plurium
1054 3295 1166 3348 tracta
1189 3295 1267 3346 sunt
1291 3294 1325 3345 et
1348 3293 1443 3344 rotae

267 3392 394 3455 maiore
418 3392 494 3454 nisu
517 3391 551 3454 in
575 3391 762 3456 salebras
778 3391 980 3468 inciderunt,
1004 3402 1131 3454 terram
1144 3390 1280 3455 concuti
1296 3388 1444 3453 senties“

328 3590 355 3653 1)
373 3586 449 3641 codd.
469 3586 640 3654 „plaustris“.
661 3600 728 3640 corr.
747 3586 935 3639 Lachmannus
955 3585 1113 3653 ,‚plaustri“.

327 3679 354 3743 2)
374 3676 569 3731 coniecerunt:
589 3676 750 3729 Lambinus:
771 3675 835 3741 „ubi
854 3690 948 3729 currus
967 3674 1046 3728 fortis
1057 3690 1155 3741 equum
1168 3675 1227 3728 vis‘
1246 3675 1443 3728 Lachmannns:

267 3771 313 3833 „et
340 3766 385 3820 ubi
409 3766 465 3833 lapi
492 3782 605 3832 cumque
629 3766 701 3820 visi“
730 3766 875 3820 Goebelius
901 3764 1032 3832 (Quaest-
1052 3766 1130 3818 Lucr.
1150 3766 1267 3818 criticae.
1306 3763 1445 3830 Salisbury

268 3856 346 3910 1857’
366 3871 429 3923 pag.
448 3858 510 3922 ab:
538 3854 577 3923 „si
604 3871 657 3921 qua
682 3856 724 3908 vis
749 3870 861 3921 eumque
883 3854 964 3908 viai“.
1001 3854 1111 3907 Murro:
1132 3861 1182 3922 „ut
1200 3869 1312 3921 scrupus
1332 3868 1444 3918 eumque

267 3944 350 3997 viai“.
387 3945 521 3998 Rusrhius
541 3945 593 4008 l‘de
612 3944 757 3998 Posidonio
775 3943 884 3998 Lucreti
904 3943 1022 3998 auctore*
1043 3951 1093 3997 etc.
1112 3960 1175 4011 pag.
1194 3948 1235 4010 8):
1256 3943 1370 4011 „fissura
1388 3941 1445 3995 ubi·

268 4050 382 4100 cumque
401 4034 482 4087 viai“.

327 4124 355 4188 3)
375 4122 567 4178 coniecerunt:
588 4123 721 4191 Bergkius
740 4122 835 4191 (Jahni
854 4123 936 4175 anull.
955 4130 975 4177 t.
989 4125 1023 4177 67
1041 4139 1067 4190 p.
1080 4123 1159 4189 327):
1181 4123 1272 4189 „rupis
1282 4122 1445 4193 ubicumque

267 4212 323 4265 viai
351 4214 466 4267 ferratos
495 4214 592 4280 auriga
619 4222 740 4267 rotarum
768 4213 888 4266 succutit
915 4213 1010 4267 orbes“
1043 4213 1176 4267 Christius
1204 4212 1335 4277 l‘Quaest.
1365 4210 1445 4262 Lnor.

268 4301 402 4355 Monanhii
424 4304 500 4357 1856ι
520 4320 545 4371 p.
558 4304 617 4366 26);
638 4304 732 4368 „sedes
746 4302 906 4368 ubicumque
926 4302 1111 4356 viai“Pollius
1130 4302 1233 4370 (philol.
1247 4300 1323 4354 XXV
1341 4316 1366 4367 p.
1380 4299 1445 4365 281)

268 4406 367 4456 „onera
393 4392 471 4446 umbo
496 4392 657 4459 ubicumque
680 4392 751 4446 viai“
771 4392 1009 4447 Bookemuellerus
1032 4409 1092 4462 „res
1117 4393 1180 4446 dum
1202 4392 1241 4445 vis
1260 4406 1344 4457 usque
1364 4390 1445 4443 viai.“
