3214 5024
756 407 977 470 -.20-

280 604 453 689 quomodo
477 596 617 667 eaedem
641 603 714 665 fere
731 603 864 666 litterae
881 601 1047 666 vocabula
1065 615 1098 666 et
1115 601 1250 687 ‚,ligna“
1268 614 1301 666 et
1319 603 1461 687 „ignes‘

282 696 468 786 efficerent,
481 711 529 774 sic
543 711 662 773 eadem
677 730 813 795 quoque
827 709 1021 794 primordia,
1039 730 1128 793 quae
1145 709 1273 794 lignum
1289 721 1461 786 crearent,

281 840 399 883 creare
424 819 520 903 ignes
545 818 653 902 magis
677 815 852 902 probaret.

388 925 475 988 Huic
508 924 752 1008 comparationi
789 923 1014 1010 adiungamus
1053 924 1136 988 alias
1166 923 1254 988 duas
1288 947 1309 986 a
1341 924 1460 988 litteris

281 1045 444 1116 sumptas,
469 1032 501 1093 in
526 1030 647 1116 quibus
672 1030 864 1115 complures
889 1052 1019 1108 versus,
1043 1033 1100 1116 qui
1125 1031 1198 1095 aliis
1223 1053 1360 1118 qunque
1385 1052 1461 1096 car-

283 1140 380 1202 minis
405 1138 487 1202 locis
504 1138 728 1211 inveniuntur,
754 1138 887 1221 repetiti
900 1150 993 1202 snnt:
1020 1138 1051 1203 [Ι
1070 1139 1133 1202 688
1148 1160 1221 1225 sqq.
1235 1150 1269 1201 et
1290 1140 1458 1225 lOlsssqq.

283 1265 313 1327 ll
338 1265 401 1327 688
436 1264 527 1348 ‘quin
552 1263 652 1326 etiarn
677 1263 803 1347 passim
828 1263 950 1326 nostris
974 1264 1007 1326 in
1031 1263 1185 1328 versibus
1209 1264 1289 1349 ipsis

443 1371 547 1434 multa
571 1370 739 1433 elementa
766 1369 860 1433 vides
885 1370 995 1434 multis
1020 1372 1212 1435 communia
1238 1371 1351 1435 verbis

343 1480 417 1543 690.
442 1499 518 1542 cum
551 1491 664 1541 tamen
698 1478 783 1541 inter
816 1499 851 1541 se
885 1499 1001 1542 versus
1033 1498 1074 1542 ac
1106 1478 1211 1542 verba
1241 1500 1384 1543 necesse
1410 1491 1460 1542 est

442 1585 626 1649 confiteare
650 1585 715 1648 alia
740 1606 782 1648 ex
806 1585 879 1648 aliis
905 1597 1061 1650 constare
1086 1585 1276 1651 elementis:

442 1713 509 1755 non
534 1714 603 1778 quo
628 1691 732 1755 multa
755 1714 877 1777 parum
902 1693 1091 1756 communis
1116 1693 1226 1757 littera
1249 1706 1364 1757 currat

445 1813 503 1864 aut
526 1800 617 1863 nulla
642 1801 728 1864 inter
751 1821 787 1863 se
812 1800 880 1864 duo
904 1801 970 1864 sint
995 1822 1038 1864 ex
1063 1800 1218 1864 omnibus
1241 1801 1341 1885 idem,

444 1907 506 1971 sed
530 1908 608 1992 quia
633 1929 697 1970 non
725 1907 826 1993 volgo
857 1909 953 1993 paria
978 1907 1132 1971 omnibus
1156 1909 1268 1972 omnia
1293 1921 1460 1973 constent.

344 2015 418 2078 695.
443 2014 492 2078 sic
516 2014 588 2077 aliis
613 2015 645 2076 in
671 2013 773 2077 rebus
797 2016 876 2078 item
902 2016 1093 2078 communia
1118 2016 1223 2079 multa

444 2124 623 2187 multarum
647 2145 759 2186 rerum
784 2145 860 2188 cum
885 2124 950 2188 sint
974 2125 1171 2210 primordia,
1197 2146 1312 2188 verum

443 2231 593 2295 dissimili
618 2242 731 2294 tamen
756 2232 842 2295 inter
866 2252 902 2295 se
928 2232 1114 2296 consistere
1139 2253 1268 2295 summa

443 2350 596 2422 possunt,
620 2351 657 2402 ut
682 2340 800 2402 merito
826 2360 868 2402 ex
893 2339 965 2402 aliis
988 2352 1146 2403 constare
1171 2338 1300 2402 seratur

445 2445 625 2507 humanum
652 2467 760 2531 genus
784 2458 817 2509 et
842 2446 961 2532 fruges
984 2438 1192 2532 arbustaque
1216 2445 1323 2510 laeta'.

390 2569 445 2633 Ex
476 2570 527 2632 his
560 2570 661 2655 igitur
693 2570 846 2633 versibus
880 2594 934 2635 vv.
965 2572 1142 2635 688-690
1174 2572 1266 2652 (691)
1300 2573 1460 2658 leguntur

284 2679 384 2742 etiam
419 2676 765 2758 1823-8251826p
799 2701 849 2741 vv.
868 2679 961 2760 (692)
994 2679 1057 2742 694
1083 2679 1163 2742 item
1190 2678 1219 2742 ll
1246 2680 1359 2761 (336),
1383 2680 1459 2751 337.

395 2784 505 2848 Versu
530 2784 593 2847 693
611 2782 798 2848 Lambinus
822 2798 916 2849 recte
942 2786 1087 2869 „idem“,
1113 2786 1205 2872 quod
1229 2786 1263 2849 in
1286 2786 1460 2851 codicibus

284 2893 448 2977 scriptum
482 2902 550 2967 est,
575 2892 717 2956 mutavit
746 2892 779 2954 in
804 2893 965 2969 „isdem“.
1012 2892 1091 2957 Non
1116 2906 1210 2958 recte
1236 2894 1323 2956 enim
1348 2892 1464 2959 Lach-

284 3019 443 3081 mannus,
475 2998 532 3083 qui
563 2998 636 3082 ipse
669 2999 759 3063 illam
784 3000 1055 3064 emendationem
1080 3001 1361 3087 simplicissimam
1386 3022 1460 3064 esse

285 3107 378 3185 dicit,
407 3105 553 3187 „isdem“
579 3105 624 3170 ab
648 3127 710 3168 usu
733 3104 885 3169 Lucretii
908 3105 1093 3170 abhorrere
1120 3119 1213 3170 ratus
1236 3117 1301 3191 pro
1328 3107 1458 3187 „nulla“

284 3214 420 3297 scripsit
458 3212 597 3291 ‚,nulli“;
633 3212 694 3276 sed
730 3233 806 3275 cum
842 3212 1031 3289 Munrone‚
1068 3228 1104 3277 ut
1141 3213 1171 3275 V
1198 3213 1282 3287 349,
1316 3214 1361 3275 ita
1394 3212 1460 3276 hoc

285 3341 421 3405 quoque
446 3321 523 3386 loco
551 3320 696 3399 ,isdem“
724 3320 970 3383 restituendum
996 3342 1068 3384 esse
1094 3320 1247 3385 arbitror.

391 3426 461 3491 Sed
492 3448 610 3490 omnes
639 3427 701 3490 hos
725 3448 844 3490 versus
869 3427 1044 3491 688-699
1069 3430 1134 3492 hoc
1159 3426 1254 3502 loco,
1278 3448 1346 3512 quo
1372 3448 1462 3490 nunc

284 3536 463 3621 leguntur,
499 3556 566 3597 non
601 3556 621 3597 a
657 3535 816 3600 Lucretio
851 3534 926 3620 ipso
959 3536 1089 3620 positos
1121 3556 1196 3598 esse
1230 3530 1313 3597 vidit
1346 3533 1463 3598 liruno

285 3643 317 3722 (1,
335 3643 353 3708 l.
370 3664 403 3727 p.
421 3641 466 3723 5).
514 3639 604 3704 Nam
628 3662 695 3705 non
720 3641 769 3717 id,
794 3643 888 3726 quod
911 3655 1015 3727 poeta
1040 3643 1118 3706 inde
1142 3665 1163 3706 a
1187 3662 1287 3705 versu
1313 3642 1373 3704 581
1401 3641 1463 3705 do-

285 3762 401 3813 cuerat
426 3748 550 3812 nullam
574 3770 645 3812 rem
669 3769 737 3812 non
761 3749 932 3833 permixto
956 3749 1083 3813 semine
1108 3761 1276 3826 constare,
1302 3748 1363 3811 illis
1388 3769 1464 3812 ver-

284 3855 377 3920 sibus
401 3856 595 3933 illustratur,
619 3855 680 3919 sed
705 3877 759 3920 res
783 3856 871 3920 inter
887 3878 924 3921 se
941 3857 1094 3920 diversas
1111 3877 1184 3920 esse
1203 3877 1305 3940 posse
1322 3856 1465 3919 demon·

285 3975 430 4041 stratur,
462 3983 667 4048 quamquam
700 3963 738 4027 iis
773 3964 901 4049 aliquot
932 3963 1118 4049 primordia
1152 3963 1344 4027 communia
1374 3975 1460 4027 sunt.

286 4070 404 4146 Quare
436 4071 528 4134 haud
556 4071 626 4135 scio
658 4092 700 4133 an
735 4084 830 4136 recte
863 4070 979 4134 Bruno
1012 4071 1074 4135 hos
1107 4092 1226 4135 versus
1256 4071 1288 4133 in
1321 4091 1464 4135 numero

285 4198 402 4241 eorum
425 4176 602 4242 habendos
625 4199 699 4242 esse
715 4189 824 4263 putet,
848 4199 935 4264 quos
951 4177 1192 4242 Lachmannus
1211 4178 1317 4260 (adv.
1336 4177 1365 4241 ll
1387 4179 1460 4258 166)

284 4285 495 4348 demonstrat
522 4307 562 4368 „a
585 4283 748 4349 Lucretio
779 4307 845 4349 non
877 4307 918 4349 eo
944 4286 1081 4361 ordine,
1106 4304 1174 4370 quo
1198 4305 1287 4349 nunc
1312 4285 1463 4350 carmina

284 4392 411 4476 scripta
446 4392 606 4478 legimus,
639 4404 804 4457 tractatos
836 4414 930 4469 esse,
964 4392 1024 4457 sed
1056 4392 1122 4456 alio
1146 4403 1301 4477 tempore
1326 4405 1359 4457 et
1384 4414 1464 4458 cum
