3214 5024
755 351 1086 462 -34-.-Δ

382 594 504 659 Altera
530 596 740 680 comparatio
765 617 785 659 a
809 597 936 680 pueris,
963 596 1019 681 qui
1037 597 1068 659 in
1086 596 1235 661 tenebris
1252 597 1366 661 omnia
1382 618 1457 661 me-

275 716 383 779 tuunt,
408 716 544 788 sumpta
576 725 644 766 non
676 702 853 767 modo'VI
869 702 911 766 35
925 724 998 788 sqq.
1021 704 1082 767 sed
1107 704 1207 768 etiam
1232 704 1263 768 ΙΙ
1281 704 1321 767 55
1334 725 1407 790 sqq.
1432 727 1454 768 a

274 809 438 874 Lucretio
463 812 537 894 ipso
562 809 696 874 videtur
719 810 871 874 adhibita
895 832 979 876 esse.
1016 810 1115 875 Hanc
1140 813 1173 874 in
1197 811 1284 876 libro
1300 813 1452 876 secundo

275 917 514 1002 interpolatam
546 938 621 981 esse
652 938 751 980 nemo
782 918 974 1003 suspicatus
1007 931 1057 981 est
1088 932 1227 1003 praeter
1258 917 1453 983 Gneissium

276 1024 552 1109 (1.l.p.19,2o).
607 1023 676 1101 Qui
711 1024 856 1109 primum
893 1045 1011 1089 versus
1048 1024 1089 1088 55
1106 1045 1199 1111 sqq.‚
1235 1026 1292 1112 qui
1328 1022 1451 1103 ‚,nam“

274 1131 442 1217 particula
465 1132 680 1207 inducuntur,
704 1131 749 1195 ad
774 1152 907 1195 versum
933 1131 974 1195 54
999 1154 1067 1196 non
1091 1146 1184 1197 recte
1202 1132 1342 1220 adiungi
1359 1132 1451 1208 dicit,

276 1260 353 1303 curn
387 1239 440 1314 id,
474 1238 565 1323 quod
597 1259 659 1302 nos
683 1239 910 1323 trepidamus,
934 1252 1096 1324 sequatur
1120 1262 1163 1304 ex
1187 1261 1239 1317 eo,
1265 1240 1358 1326 quod
1382 1241 1452 1304 vita

275 1359 392 1410 nostra
424 1346 458 1409 in
493 1346 640 1410 tenebris
670 1359 731 1410 est.
778 1345 847 1410 Sed
871 1349 938 1412 hoc
961 1348 1073 1431 potius
1097 1346 1281 1412 Lucretius
1306 1347 1454 1413 voluisse

275 1455 428 1518 videtur:
465 1454 625 1539 quoniam
656 1475 718 1517 nos
751 1454 784 1517 in
816 1455 885 1519 vita
916 1456 1072 1519 timemus
1103 1457 1182 1518 item
1214 1467 1252 1519 ut
1288 1456 1385 1540 pueri
1419 1455 1450 1517 in

275 1560 425 1626 tenebris
450 1562 578 1638 timent,
603 1574 697 1625 recte
721 1562 788 1626 dici
812 1563 915 1625 vitam
939 1564 1121 1627 humanam
1145 1564 1179 1626 in
1203 1561 1352 1627 tenebris
1378 1583 1453 1626 ver-

277 1670 342 1732 sari
405 1669 538 1732 Deinde
572 1669 664 1753 quod
697 1667 872 1733 Gneissius
903 1670 984 1734 dicit
1017 1669 1211 1747 ‚,tenebris“
1245 1669 1452 1734 vocabulum

277 1777 383 1840 tribus
409 1776 561 1839 versibus
587 1779 647 1853 54,
672 1775 732 1853 56,
758 1776 797 1839 58
825 1777 958 1840 diversa
983 1777 1114 1842 ratione
1139 1779 1318 1862 repetitum
1345 1778 1453 1841 offen-

277 1884 376 1960 dere,
409 1896 489 1968 apte
519 1883 652 1947 confert
680 1885 858 1969 Briegerus
882 1883 991 1965 (Burs.
1009 1885 1108 1951 anall.
1131 1886 1213 1956 1879
1232 1899 1251 1948 t.
1270 1885 1299 1949 ΙΙ
1323 1909 1355 1971 p.
1373 1887 1451 1966 202)

277 2014 319 2054 vv
348 1991 392 2054 III
417 1989 611 2074 ‹tta-552,
646 1992 680 2053 in
711 1991 833 2076 quibus
869 1992 990 2055 eodem
1022 1994 1124 2056 modo
1158 1992 1325 2073 „viribus‘²
1353 2015 1451 2080 repe-

276 2100 373 2162 titum
398 2111 460 2162 est.
474 2102 509 2178 ¹).
551 2099 706 2184 Denique
724 2098 899 2162 Gneissius
924 2101 1054 2173 „omnis
1080 2102 1166 2163 vita“
1186 2113 1219 2163 et
1239 2100 1447 2176 „interdum“

275 2228 342 2270 non
368 2219 461 2270 recte
485 2207 572 2269 inter
595 2227 631 2269 se
656 2207 782 2290 opponi
808 2206 889 2269 dicit
931 2206 1000 2271 Sed
1025 2208 1133 2270 omnis
1156 2208 1224 2288 vita
1249 2207 1450 2270 intenebris

276 2326 328 2378 est
353 2315 409 2390 iis,
443 2314 517 2399 qui,
551 2315 704 2399 quaesit
728 2335 840 2376 rerum
866 2327 1005 2391 natura,
1037 2336 1100 2399 per
1125 2327 1230 2379 totam
1256 2316 1359 2378 vitam
1384 2337 1450 2379 non

275 2421 493 2506 intellegunt3
527 2443 638 2506 neque
674 2442 754 2484 vero
786 2442 921 2506 semper
954 2423 1016 2485 hos
1045 2423 1078 2484 iu
1103 2422 1223 2485 timore
1248 2443 1322 2486 esse
1347 2434 1449 2507 poeta

275 2539 408 2607 censet,
438 2528 499 2591 sed
523 2528 710 2603 interdum,
739 2528 797 2591 ubi
824 2528 915 2610 „aliis
940 2549 1106 2614 oppressa
1130 2529 1225 2591 malis
1250 2529 1281 2591 in
1307 2543 1452 2614 pectora

275 2657 358 2700 cura
404 2636 458 2700 illa
504 2656 641 2721 quoque
689 2637 972 2722 expergefactum
1025 2648 1130 2721 caput
1177 2636 1310 2722 erigere
1358 2638 1447 2701 infit“

275 2748 344 2824 (vv.
369 2745 461 2828 1107,
478 2745 522 2826 8),
547 2765 589 2806 ne
620 2744 674 2808 vel
705 2744 759 2807 dei
792 2744 846 2807 vel
881 2744 1083 2808 Acheruntis
1114 2744 1277 2808 tenebrae
1309 2746 1360 2809 vei
1386 2746 1452 2809 alia

275 2852 480 2914 immineant.

382 2958 513 3021 Eadem
538 2959 760 3044 comparatio,
784 2981 864 3022 num
890 2960 992 3022 tertio
1017 2981 1154 3045 quoque
1179 2962 1275 3036 loco,
1300 2981 1367 3045 quo
1392 2981 1451 3022 ex·

274 3077 362 3142 stat,
386 3065 432 3128 ΙΙΙ
450 3067 489 3138 87
505 3087 579 3151 sqq.
611 3087 631 3129 a
655 3064 818 3131 Lucretio
844 3067 918 3152 ipso
943 3067 1055 3150 posita
1080 3067 1139 3143 sit,
1164 3080 1259 3131 certo
1283 3069 1340 3130 vix
1365 3068 1453 3131 diiu-

275 3173 380 3236 dicari
410 3184 533 3256 potest.
595 3173 693 3237 Hanc
727 3174 964 3258 interpolatam
998 3194 1083 3236 esse.
1106 3176 1234 3258 primus
1266 3174 1451 3238 Goebelius

275 3279 307 3365 (l.
331 3281 350 3346 l.
366 3303 399 3364 p.
418 3281 473 3362 28)
510 3282 661 3355 censuit,
699 3283 756 3366 qui
794 3302 911 3344 versus
948 3281 1079 3345 87-90
1118 3282 1310 3361 „incondite
1345 3295 1450 3366 atque

274 3388 414 3452 inscite“
447 3388 617 3473 prioribus
647 3387 847 3453 subiunctos
879 3410 955 3452 esse
976 3388 1076 3464 dicit,
1108 3409 1185 3452 cum
1208 3401 1331 3473 poeta,
1361 3410 1451 3474 quae

276 3494 373 3576 „inde
404 3517 433 3560 a.
451 3519 481 3558 v.
499 3495 540 3559 35
575 3496 687 3559 multis
723 3498 789 3559 iam
821 3517 862 3560 ac
894 3496 1038 3560 definitis
1070 3495 1204 3559 locutus
1236 3496 1297 3572 sit,
1328 3518 1449 3581 parum

273 3615 353 3688 apte
389 3601 587 3668 tectioribus
622 3603 735 3667 verbis
770 3604 893 3666 iterum
933 3606 1095 3667 asserat“.
1156 3603 1286 3667 Deinde
1322 3602 1452 3666 Pollius
1565 3600 1570 3607 ’

274 3709 407 3794 (Philol.
422 3723 445 3773 t.
463 3709 588 3777 XXVI
613 3733 646 3796 p.
663 3711 740 3795 238)
775 3724 912 3796 poetam
944 3712 1054 3795 ipsum
1084 3710 1172 3775 illam
1198 3709 1451 3774 similitudinem

273 3816 467 3881 adhibuisse
491 3829 588 3902 putat
613 3819 762 3903 itemque
787 3817 1009 3881 Neumannus
1033 3818 1066 3899 (l.
1084 3819 1103 3884 l.
1120 3840 1153 3903 p.
1168 3819 1224 3903 29)
1249 3817 1448 3882 Lucretium

275 3926 423 4010 „optime
447 3925 629 3989 lectoribus
650 3927 739 3989 hunc
764 3927 920 3989 carminis
941 3926 1043 3989 finem
1061 3927 1093 3989 in
1110 3927 1324 3990 memoriam“
1352 3947 1453 3989 revo-

273 4054 369 4097 casse
405 4032 607 4115 arbitratur,
645 4054 722 4097 cum
759 4034 792 4096 id
827 4034 989 4118 imprimis
1026 4034 1174 4097 carmine
1211 4055 1272 4097 suo
1309 4033 1453 4097 efficere·

334 4233 359 4292 l)
379 4228 540 4282 Ribberkius
569 4228 612 4280 III
637 4229 684 4281 tot
716 4229 795 4291 (Mus,
809 4228 896 4282 Rhen.
911 4237 931 4281 t.
945 4229 1021 4282 XXX
1039 4245 1064 4296 p.
1078 4231 1142 4293 62³4)
1163 4244 1210 4296 pro
1232 4227 1350 4295 „viribus
1370 4227 1447 4281 aovi“

272 4317 442 4371 scribendum
468 4334 525 4372 esse
550 4317 617 4371 dicit
642 4317 755 4385 „ictibus
774 4318 870 4384 aevi“;
889 4318 941 4371 hoo
960 4333 977 4370 a
995 4318 1123 4387 Briegoro
1142 4319 1232 4388 (Burs,
1246 4318 1327 4372 anull.
1346 4317 1415 4371 1876
1427 4322 1454 4370 t·

272 4407 337 4476 Hp.
354 4409 415 4474 100)
435 4408 580 4461 refutatur.
