3214 5024
637 408 858 470 „23„.

158 603 430 667 emendaverunt
454 603 566 667 deleta
589 623 675 666 voce
707 603 801 687 „ac“.
849 602 918 667 Sed
943 623 1020 666 cum
1044 602 1242 672 Brunone¹l
1267 604 1337 668 Lu·

158 712 304 775 cretium
328 722 398 774 tam
423 710 578 773 insolenti
603 710 859 790 transtatione2)
884 731 951 773 non
975 731 1072 773 usum
1090 731 1165 774 esse
1178 711 1335 776 arbitror.

157 818 279 894 Quare
312 818 390 880 mihi
423 838 559 902 quoque
584 838 624 881 ea
650 817 854 880 emendandi
877 818 963 881 ratio
987 839 1069 880 vera
1093 818 1227 881 videtur
1251 840 1335 895 esse,

158 947 261 1011 quam
293 925 363 987 iniit
393 924 617 1011 Bernaysius,
649 925 705 1009 qui
734 923 855 1009 (praef.
872 946 907 1009 p.
925 923 971 1004 V)
996 923 1237 989 Lucretianam
1262 947 1335 989 ora·

158 1033 304 1116 tionem,
337 1032 431 1096 cuius
464 1031 608 1117 vestigia
639 1033 673 1094 in
713 1031 888 1095 vocabulis
926 1043 981 1113 „ut
1012 1037 1073 1095 ac*
1109 1045 1336 1117 superessent,

162 1139 356 1223 ,corporls“
387 1136 556 1202 vocabulo
586 1139 619 1201 in
644 1139 734 1203 hunc
758 1160 893 1202 versum
918 1160 960 1201 ex
984 1140 1219 1203 antecedentis
1242 1140 1335 1203 initio

157 1246 322 1309 translato
353 1246 495 1330 periisse
520 1257 617 1331 putat
641 1257 675 1309 et
699 1257 779 1330 apte
803 1242 932 1308 initium
956 1267 1075 1309 versus
1100 1246 1145 1309 ita
1170 1248 1335 1311 restituit:

162 1374 291 1438 „aeque
316 1353 350 1416 id
374 1365 411 1415 ut
434 1373 476 1416 ac
500 1353 596 1416 navis
621 1352 721 1415 velis“
749 1352 855 1435 ete-t)

266 1460 343 1524 Hoc
368 1459 469 1523 modo
495 1460 583 1522 enim
607 1460 696 1523 iusta
719 1459 930 1544 comparatio
955 1460 1113 1525 efficitur.
1156 1460 1226 1523 lam
1255 1481 1336 1523 vero

158 1580 324 1652 apparet,
357 1588 433 1631 cum
460 1566 642 1631 Lucretius
676 1565 808 1630 duabus
839 1566 941 1630 rebus
973 1587 1098 1651 corpus
1123 1568 1251 1630 moveri
1276 1567 1337 1631 do-

158 1676 286 1752 cuerit,
319 1697 385 1738 non
418 1676 462 1739 ad
493 1687 692 1760 utramque,
725 1673 786 1737 sed
816 1675 861 1738 ad
894 1674 1035 1738 alteram
1070 1686 1214 1751 tantum,
1247 1696 1336 1761 quae

156 1783 311 1846 secundo
336 1783 413 1846 loco
438 1792 506 1864 (vv.
525 1781 715 1866 892-896)
732 1782 910 1857 invenitur,
936 1781 1025 1844 illam
1043 1782 1336 1866 comparationem

162 1910 291 1974 „aeque
316 1924 357 1934 -—
391 1911 433 1953 ac
462 1889 556 1953 navis
588 1889 671 1952 velis
695 1894 885 1974 ventoque“
913 1889 1035 1954 reterri
1059 1910 1171 1974 posse.
1217 1888 1337 1966 Quare

158 1994 329 2060 Gassendi
354 2001 473 2081 (opera
497 1996 527 2059 II
550 2019 582 2082 p.
600 1995 701 2077 506b)
728 1996 851 2081 „velis“
878 1997 910 2058 in
939 1997 1077 2077 „remis“
1099 1999 1257 2073 mutavit,
1283 1997 1337 2061 cui

159 2101 275 2167 Bruno
306 2105 497 2168 assentitur.
545 2104 616 2168 Sed
650 2115 743 2169 recte
775 2103 813 2169 F.
831 2104 874 2167 H.
892 2102 1011 2167 Peters
1043 2105 1170 2167 monuit
1195 2105 1336 2167 alteram

162 2221 295 2273 tantum
326 2231 480 2287 causam,
505 2232 607 2297 quam
639 2224 743 2296 poeta
766 2211 871 2274 affert
894 2213 960 2274 hac
985 2211 1239 2296 comparatione
1265 2211 1336 2273 illu·

157 2317 270 2394 strari,
302 2318 348 2381 ita
380 2329 417 2380 ut
449 2320 612 2403 ‚,corpus“
647 2330 681 2382 et
717 2318 813 2397 ,aer“
840 2318 1071 2402 respondeant
1096 2318 1208 2381 verbis
1235 2317 1337 2397 „velis

161 2429 365 2511 ventoque“.
413 2424 511 2488 Haec
544 2425 778 2511 interpretatio
810 2424 1029 2488 confirmatur
1052 2424 1226 2502 versibus,
1250 2446 1337 2510 quos

159 2530 285 2595 Munro
322 2531 459 2608 laudat,
498 2531 549 2597 VI
570 2534 651 2598 1030
664 2554 757 2619 sqq,
793 2553 861 2618 quo
897 2531 974 2595 loco
1008 2531 1052 2594 ad
1088 2533 1229 2595 similem
1265 2553 1337 2595 rem

161 2639 282 2701 eadem
307 2640 520 2724 comparatio
544 2641 701 2726 apposita
725 2652 795 2703 est:

261 2746 327 2810 ‘hic
351 2751 409 2828 (sc.
427 2746 501 2832 aer)
527 2800 533 2813 .
558 2800 564 2812 .
591 2795 598 2810 .
623 2768 686 2833 per
710 2748 831 2811 crebra
855 2746 1021 2811 foramina
1044 2747 1127 2810 ferri

260 2874 386 2937 parvas
411 2853 456 2917 ad
479 2855 585 2939 partis
610 2854 776 2917 subtiliter
800 2855 985 2918 insinuatus

261 2960 368 3024 trudit
391 2974 425 3024 et
448 2961 587 3046 inpellit,
612 2962 727 3046 quasi
750 2983 892 3025 navem
917 2961 1091 3047 velaque
1117 2961 1281 3024 ventus'.

269 3067 417 3131 Accedit
441 3068 545 3152 quod,
570 3089 646 3132 cum
671 3069 737 3133 hoc
760 3090 897 3155 quoque
921 3069 1008 3146 loco,
1032 3070 1228 3154 priusquam
1245 3090 1339 3134 com·

159 3170 294 3258 paratio
327 3174 527 3259 abhibetur‚
559 3175 647 3239 duae
679 3197 802 3241 causae
834 3177 879 3240 ad
911 3176 1016 3253 illam,
1048 3176 1092 3240 de
1122 3196 1190 3261 qua
1213 3177 1336 3261 agitur,

159 3302 231 3344 rem
263 3281 526 3369 intellegendam
556 3283 679 3347 allatae
703 3284 770 3348 sint
793 3283 1047 3368 (V11000---21
1075 3297 1109 3347 et
1138 3285 1255 3349 1022ἡ
1270 3285 1337 3364 32),

160 3388 267 3451 altera
290 3400 441 3465 tantum,
467 3410 555 3475 quae
587 3390 740 3455 secundo
770 3392 848 3455 loco
878 3402 1007 3476 exstat,
1032 3391 1097 3455 hac
1122 3391 1337 3455 similitudine

157 3494 354 3562 illustratur.
408 3497 546 3582 Optime
581 3510 696 3577 autem
731 3511 835 3583 poeta
870 3499 1023 3583 corporis
1055 3497 1225 3575 membra,
1260 3519 1337 3563 cum

222 3694 247 3756 1)
270 3692 435 3759 ,Programm
457 3692 504 3745 der
522 3691 684 3746 Reelsehule
701 3707 735 3745 zu
754 3691 891 3761 Harburg‘
913 3695 981 3748 1872
1000 3710 1025 3760 p.
1045 3695 1070 3761 7,
1089 3694 1115 3747 8.

220 3780 248 3847 2)
267 3780 455 3834 Lachmannus
475 3780 509 3834 ad
530 3783 599 3834 hane
617 3781 760 3835 lectionem
780 3781 988 3835 confirmandam
1007 3781 1086 3837 affert
1105 3782 1158 3836 Clo.
1178 3781 1338 3850 inSest.⁴16,

157 3884 213 3936 quo
239 3869 296 3924 loro
323 3870 390 3938 „rei
415 3870 569 3938 publicae
596 3873 712 3925 navem“
738 3872 866 3938 seriptum
893 3879 944 3927 est.
981 3872 1033 3926 Sed
1057 3872 1084 3924 in
1112 3873 1160 3925 hoo
1184 3872 1266 3926 verbo
1292 3872 1338 3926 illa

159 3959 304 4014 translatio
330 3961 398 4014 nihil
430 3961 490 4015 miri
515 3961 612 4027 habet,
639 3976 697 4014 eum
724 3961 880 4029 saepissime
910 3977 955 4030 ea,
981 3978 1050 4029 quae
1075 3964 1111 4016 ad
1134 3978 1188 4016 rem
1212 3962 1337 4016 navalem

158 4054 299 4118 spectant,
326 4051 460 4104 translata
484 4052 539 4105 sint
558 4052 593 4104 ad
612 4066 659 4118 ea,
679 4066 747 4117 quae
765 4051 903 4119 pertinent
921 4052 955 4105 ud
974 4051 1175 4120 gubernandam
1196 4067 1252 4106 rem
1270 4052 1337 4120 pub-

161 4138 250 4192 litam.

219 4231 247 4293 3)
268 4229 358 4283 Bruno
382 4231 408 4299 (l.
422 4230 440 4283 l.
454 4247 479 4298 p.
493 4234 521 4295 6)
552 4235 668 4283 annotat
691 4230 936 4284 Bookemuellernm
963 4229 1143 4299 (,Programm
1168 4246 1221 4284 von
1247 4230 1337 4298 §tade‘

161 4319 231 4374 1860
249 4335 274 4386 p.
295 4320 341 4383 52)
366 4320 504 4376 elisionem
527 4320 555 4373 in
575 4335 676 4386 „aeque
695 4320 740 4373 id“
760 4319 826 4373 ferri
846 4336 898 4372 nou
917 4335 995 4387 posse
1014 4319 1176 4374 arbitratum
1196 4327 1243 4388 „ut
1262 4323 1338 4374 iuxta

156 4411 209 4463 ae“
228 4410 405 4477 proposuisse,
