<?xml version="1.0" encoding="UTF-8"?>
<!DOCTYPE html PUBLIC "-//W3C//DTD XHTML 1.0 Transitional//EN"
    "http://www.w3.org/TR/xhtml1/DTD/xhtml1-transitional.dtd">
<html xmlns="http://www.w3.org/1999/xhtml" xml:lang="en" lang="en">
 <head>
  <title>
</title>
<meta http-equiv="Content-Type" content="text/html;charset=utf-8" />
  <meta name='ocr-system' content='tesseract 3.04.00' />
  <meta name='ocr-capabilities' content='ocr_page ocr_carea ocr_par ocr_line ocrx_word'/>
</head>
<body>
  <div class='ocr_page' id='page_1' title='image "./decomparationib00carugoog_0048.png"; bbox 0 0 3214 5024; ppageno 0'>
   <div class='ocr_carea' id='block_1_1' title="bbox 651 406 875 468">
    <p class='ocr_par' dir='ltr' id='par_1_1' title="bbox 651 406 875 468">
     <span class='ocr_line' id='line_1_1' title="bbox 651 406 875 468; baseline 0.004 -17"><span class='ocrx_word' id='word_1_1' title='bbox 651 406 875 468; x_wconf 64' lang='grc'>,43-</span> 
     </span>
    </p>
   </div>
   <div class='ocr_carea' id='block_1_2' title="bbox 171 600 1357 1762">
    <p class='ocr_par' dir='ltr' id='par_1_2' title="bbox 171 600 1357 1762">
     <span class='ocr_line' id='line_1_2' title="bbox 171 600 1356 689; baseline -0.001 -22"><span class='ocrx_word' id='word_1_2' title='bbox 171 603 265 689; x_wconf 88' lang='lat' dir='ltr'>(post</span> <span class='ocrx_word' id='word_1_3' title='bbox 285 624 372 684; x_wconf 87' lang='lat' dir='ltr'>„non</span> <span class='ocrx_word' id='word_1_4' title='bbox 388 601 454 666; x_wconf 90' lang='lat' dir='ltr'>alio</span> <span class='ocrx_word' id='word_1_5' title='bbox 478 613 581 686; x_wconf 92' lang='lat' dir='ltr'>pacto</span> <span class='ocrx_word' id='word_1_6' title='bbox 605 623 708 686; x_wconf 90' lang='lat' dir='ltr'>quam</span> <span class='ocrx_word' id='word_1_7' title='bbox 732 600 796 687; x_wconf 85' lang='lat' dir='ltr'>si“)</span> <span class='ocrx_word' id='word_1_8' title='bbox 821 600 872 667; x_wconf 75' lang='lat' dir='ltr'>IV</span> <span class='ocrx_word' id='word_1_9' title='bbox 890 602 954 666; x_wconf 73' lang='lat'>296</span> <span class='ocrx_word' id='word_1_10' title='bbox 972 601 1023 665; x_wconf 92' lang='lat' dir='ltr'>VI</span> <span class='ocrx_word' id='word_1_11' title='bbox 1044 601 1116 664; x_wconf 81' lang='lat'>152.</span> <span class='ocrx_word' id='word_1_12' title='bbox 1143 601 1239 683; x_wconf 73' lang='lat'>7591)</span> <span class='ocrx_word' id='word_1_13' title='bbox 1265 600 1356 686; x_wconf 82' lang='lat' dir='ltr'>(post</span> 
     </span>
     <span class='ocr_line' id='line_1_3' title="bbox 174 708 1356 796; baseline -0.001 -22"><span class='ocrx_word' id='word_1_14' title='bbox 174 725 230 796; x_wconf 82' lang='lat' dir='ltr'>„ut</span> <span class='ocrx_word' id='word_1_15' title='bbox 254 712 317 790; x_wconf 85' lang='lat' dir='ltr'>si“)</span> <span class='ocrx_word' id='word_1_16' title='bbox 346 710 397 776; x_wconf 90' lang='lat' dir='ltr'>VI</span> <span class='ocrx_word' id='word_1_17' title='bbox 418 712 475 772; x_wconf 75' lang='lat' dir='ltr'>lul</span> <span class='ocrx_word' id='word_1_18' title='bbox 504 713 594 794; x_wconf 90' lang='lat' dir='ltr'>(post</span> <span class='ocrx_word' id='word_1_19' title='bbox 621 729 705 793; x_wconf 84' lang='lat' dir='ltr'>„ceu</span> <span class='ocrx_word' id='word_1_20' title='bbox 728 710 802 790; x_wconf 83' lang='lat' dir='ltr'>si“).</span> <span class='ocrx_word' id='word_1_21' title='bbox 850 709 904 772; x_wconf 86' lang='lat' dir='ltr'>Ex</span> <span class='ocrx_word' id='word_1_22' title='bbox 929 708 1051 794; x_wconf 87' lang='lat' dir='ltr'>quibus</span> <span class='ocrx_word' id='word_1_23' title='bbox 1075 709 1186 773; x_wconf 90' lang='lat' dir='ltr'>elucet</span> <span class='ocrx_word' id='word_1_24' title='bbox 1216 722 1356 794; x_wconf 89' lang='lat' dir='ltr'>poetam</span> 
     </span>
     <span class='ocr_line' id='line_1_4' title="bbox 174 815 1356 901; baseline -0.003 -17"><span class='ocrx_word' id='word_1_25' title='bbox 174 818 394 884; x_wconf 90' lang='lat' dir='ltr'>coniunctivo</span> <span class='ocrx_word' id='word_1_26' title='bbox 436 838 532 880; x_wconf 89' lang='lat' dir='ltr'>usum</span> <span class='ocrx_word' id='word_1_27' title='bbox 575 837 650 880; x_wconf 87' lang='lat' dir='ltr'>esse</span> <span class='ocrx_word' id='word_1_28' title='bbox 683 815 846 900; x_wconf 88' lang='lat' dir='ltr'>imprimis</span> <span class='ocrx_word' id='word_1_29' title='bbox 880 828 960 901; x_wconf 89' lang='lat' dir='ltr'>post</span> <span class='ocrx_word' id='word_1_30' title='bbox 997 837 1055 880; x_wconf 89' lang='lat' dir='ltr'>eas</span> <span class='ocrx_word' id='word_1_31' title='bbox 1088 817 1356 893; x_wconf 67' lang='lat' dir='ltr'>coniunctiones</span> 
     </span>
     <span class='ocr_line' id='line_1_5' title="bbox 175 922 1355 1013; baseline 0.001 -24"><span class='ocrx_word' id='word_1_32' title='bbox 175 947 264 1013; x_wconf 92' lang='lat' dir='ltr'>quae</span> <span class='ocrx_word' id='word_1_33' title='bbox 290 946 443 988; x_wconf 83' lang='lat' dir='ltr'>conexae</span> <span class='ocrx_word' id='word_1_34' title='bbox 467 935 545 988; x_wconf 89' lang='lat' dir='ltr'>sunt</span> <span class='ocrx_word' id='word_1_35' title='bbox 570 944 647 987; x_wconf 90' lang='lat' dir='ltr'>cum</span> <span class='ocrx_word' id='word_1_36' title='bbox 675 924 754 1006; x_wconf 86' lang='lat' dir='ltr'>„si“.</span> <span class='ocrx_word' id='word_1_37' title='bbox 792 922 1012 1008; x_wconf 85' lang='lat' dir='ltr'><strong>Quamquam</strong></span> <span class='ocrx_word' id='word_1_38' title='bbox 1036 945 1104 988; x_wconf 91' lang='lat' dir='ltr'>non</span> <span class='ocrx_word' id='word_1_39' title='bbox 1128 945 1264 1009; x_wconf 87' lang='lat' dir='ltr'>semper</span> <span class='ocrx_word' id='word_1_40' title='bbox 1287 926 1355 990; x_wconf 92' lang='lat' dir='ltr'>hoc</span> 
     </span>
     <span class='ocr_line' id='line_1_6' title="bbox 172 1031 1355 1116; baseline -0.002 -19"><span class='ocrx_word' id='word_1_41' title='bbox 172 1034 274 1097; x_wconf 78' lang='lat' dir='ltr'>iecit:</span> <span class='ocrx_word' id='word_1_42' title='bbox 306 1054 382 1095; x_wconf 90' lang='lat' dir='ltr'>nam</span> <span class='ocrx_word' id='word_1_43' title='bbox 408 1031 611 1113; x_wconf 66' lang='lat' dir='ltr'>indicativus</span> <span class='ocrx_word' id='word_1_44' title='bbox 636 1031 823 1107; x_wconf 86' lang='lat' dir='ltr'>invenitur,</span> <span class='ocrx_word' id='word_1_45' title='bbox 854 1043 891 1094; x_wconf 92' lang='lat' dir='ltr'>ut</span> <span class='ocrx_word' id='word_1_46' title='bbox 915 1032 967 1097; x_wconf 93' lang='grc' dir='ltr'>ΙΠ</span> <span class='ocrx_word' id='word_1_47' title='bbox 984 1032 1049 1095; x_wconf 82' lang='grc'>493</span> <span class='ocrx_word' id='word_1_48' title='bbox 1074 1032 1244 1108; x_wconf 89' lang='lat' dir='ltr'>omittam,</span> <span class='ocrx_word' id='word_1_49' title='bbox 1276 1043 1355 1116; x_wconf 90' lang='lat' dir='ltr'>post</span> 
     </span>
     <span class='ocr_line' id='line_1_7' title="bbox 177 1137 1357 1225; baseline -0.001 -21"><span class='ocrx_word' id='word_1_50' title='bbox 177 1141 312 1225; x_wconf 83' lang='lat' dir='ltr'>„quasi“</span> <span class='ocrx_word' id='word_1_51' title='bbox 339 1139 391 1205; x_wconf 92' lang='lat' dir='ltr'>IV</span> <span class='ocrx_word' id='word_1_52' title='bbox 409 1139 485 1215; x_wconf 74' lang='lat'>005,</span> <span class='ocrx_word' id='word_1_53' title='bbox 511 1149 589 1223; x_wconf 93' lang='lat' dir='ltr'>post</span> <span class='ocrx_word' id='word_1_54' title='bbox 612 1158 694 1222; x_wconf 82' lang='lat' dir='ltr'>„ceu</span> <span class='ocrx_word' id='word_1_55' title='bbox 711 1138 758 1202; x_wconf 86' lang='lat' dir='ltr'>si“</span> <span class='ocrx_word' id='word_1_56' title='bbox 777 1138 829 1204; x_wconf 79' lang='lat' dir='ltr'>IV</span> <span class='ocrx_word' id='word_1_57' title='bbox 846 1139 921 1206; x_wconf 74' lang='lat'>018.</span> <span class='ocrx_word' id='word_1_58' title='bbox 961 1137 1147 1203; x_wconf 87' lang='lat' dir='ltr'>Praeterea</span> <span class='ocrx_word' id='word_1_59' title='bbox 1163 1141 1196 1202; x_wconf 98' lang='lat' dir='ltr'>in</span> <span class='ocrx_word' id='word_1_60' title='bbox 1213 1140 1357 1203; x_wconf 89' lang='lat' dir='ltr'>interro-</span> 
     </span>
     <span class='ocr_line' id='line_1_8' title="bbox 173 1245 1356 1334; baseline -0.002 -22"><span class='ocrx_word' id='word_1_61' title='bbox 173 1248 312 1334; x_wconf 88' lang='lat' dir='ltr'>gatione</span> <span class='ocrx_word' id='word_1_62' title='bbox 337 1247 508 1310; x_wconf 90' lang='lat' dir='ltr'>rhetorica</span> <span class='ocrx_word' id='word_1_63' title='bbox 533 1246 770 1309; x_wconf 89' lang='lat' dir='ltr'>coniunctivus</span> <span class='ocrx_word' id='word_1_64' title='bbox 794 1245 967 1310; x_wconf 89' lang='lat' dir='ltr'>adhibitus</span> <span class='ocrx_word' id='word_1_65' title='bbox 991 1258 1054 1310; x_wconf 88' lang='lat' dir='ltr'>est.</span> <span class='ocrx_word' id='word_1_66' title='bbox 1090 1246 1186 1312; x_wconf 89' lang='lat' dir='ltr'><strong>Idem</strong></span> <span class='ocrx_word' id='word_1_67' title='bbox 1209 1259 1356 1332; x_wconf 88' lang='lat' dir='ltr'>propter</span> 
     </span>
     <span class='ocr_line' id='line_1_9' title="bbox 174 1352 1355 1439; baseline -0.002 -20"><span class='ocrx_word' id='word_1_68' title='bbox 174 1356 377 1419; x_wconf 83' lang='lat' dir='ltr'>sententiam</span> <span class='ocrx_word' id='word_1_69' title='bbox 406 1355 560 1417; x_wconf 87' lang='lat' dir='ltr'>irrealem</span> <span class='ocrx_word' id='word_1_70' title='bbox 585 1366 699 1417; x_wconf 90' lang='lat' dir='ltr'>exstat</span> <span class='ocrx_word' id='word_1_71' title='bbox 722 1352 888 1419; x_wconf 80' lang='lat'>1111035.</span> <span class='ocrx_word' id='word_1_72' title='bbox 934 1354 1093 1439; x_wconf 92' lang='lat' dir='ltr'>Denique</span> <span class='ocrx_word' id='word_1_73' title='bbox 1118 1354 1355 1418; x_wconf 89' lang='lat' dir='ltr'>coniunctivus</span> 
     </span>
     <span class='ocr_line' id='line_1_10' title="bbox 176 1459 1355 1549; baseline -0.003 -22"><span class='ocrx_word' id='word_1_74' title='bbox 176 1463 306 1549; x_wconf 88' lang='lat' dir='ltr'>aliquot</span> <span class='ocrx_word' id='word_1_75' title='bbox 352 1462 434 1527; x_wconf 93' lang='lat' dir='ltr'>locis</span> <span class='ocrx_word' id='word_1_76' title='bbox 484 1459 629 1524; x_wconf 89' lang='lat' dir='ltr'>debetur</span> <span class='ocrx_word' id='word_1_77' title='bbox 668 1459 854 1525; x_wconf 89' lang='lat' dir='ltr'>rationibus</span> <span class='ocrx_word' id='word_1_78' title='bbox 893 1461 1132 1547; x_wconf 74' lang='lat' dir='ltr'>grammaticis,</span> <span class='ocrx_word' id='word_1_79' title='bbox 1194 1460 1253 1524; x_wconf 88' lang='lat' dir='ltr'>Ad</span> <span class='ocrx_word' id='word_1_80' title='bbox 1292 1462 1355 1525; x_wconf 92' lang='lat' dir='ltr'>hos</span> 
     </span>
     <span class='ocr_line' id='line_1_11' title="bbox 178 1567 1356 1654; baseline -0.002 -21"><span class='ocrx_word' id='word_1_81' title='bbox 178 1570 225 1635; x_wconf 85' lang='lat' dir='ltr'>Vl</span> <span class='ocrx_word' id='word_1_82' title='bbox 249 1571 342 1648; x_wconf 79' lang='lat'>1302)</span> <span class='ocrx_word' id='word_1_83' title='bbox 360 1590 497 1654; x_wconf 93' lang='lat' dir='ltr'>quoque</span> <span class='ocrx_word' id='word_1_84' title='bbox 515 1569 735 1632; x_wconf 73' lang='lat' dir='ltr'>referendum</span> <span class='ocrx_word' id='word_1_85' title='bbox 753 1580 815 1646; x_wconf 90' lang='lat' dir='ltr'>est,</span> <span class='ocrx_word' id='word_1_86' title='bbox 840 1567 897 1632; x_wconf 91' lang='lat' dir='ltr'>ubi</span> <span class='ocrx_word' id='word_1_87' title='bbox 913 1590 976 1653; x_wconf 93' lang='lat' dir='ltr'>pro</span> <span class='ocrx_word' id='word_1_88' title='bbox 995 1569 1093 1653; x_wconf 80' lang='lat' dir='ltr'>„dat²‘</span> <span class='ocrx_word' id='word_1_89' title='bbox 1113 1567 1356 1632; x_wconf 87' lang='lat' dir='ltr'>Lachmannus</span> 
     </span>
     <span class='ocr_line' id='line_1_12' title="bbox 176 1677 565 1762; baseline 0.003 -22"><span class='ocrx_word' id='word_1_90' title='bbox 176 1689 269 1742; x_wconf 92' lang='lat' dir='ltr'>recte</span> <span class='ocrx_word' id='word_1_91' title='bbox 294 1677 429 1762; x_wconf 89' lang='lat' dir='ltr'>scripsit</span> <span class='ocrx_word' id='word_1_92' title='bbox 457 1677 565 1756; x_wconf 84' lang='lat' dir='ltr'>„det“.</span> 
     </span>
    </p>
   </div>
   <div class='ocr_carea' id='block_1_3' title="bbox 170 3865 1352 4474">
    <p class='ocr_par' dir='ltr' id='par_1_3' title="bbox 170 3865 1351 4110">
     <span class='ocr_line' id='line_1_13' title="bbox 233 3865 1351 3938; baseline 0.006 -22"><span class='ocrx_word' id='word_1_93' title='bbox 233 3865 258 3925; x_wconf 92' lang='lat'>1)</span> <span class='ocrx_word' id='word_1_94' title='bbox 278 3865 369 3920; x_wconf 84' lang='lat' dir='ltr'>Verba</span> <span class='ocrx_word' id='word_1_95' title='bbox 388 3868 490 3921; x_wconf 81' lang='lat' dir='ltr'>tradita</span> <span class='ocrx_word' id='word_1_96' title='bbox 509 3876 558 3936; x_wconf 84' lang='lat' dir='ltr'>„ut</span> <span class='ocrx_word' id='word_1_97' title='bbox 572 3870 595 3923; x_wconf 87' lang='lat' dir='ltr'>si</span> <span class='ocrx_word' id='word_1_98' title='bbox 615 3871 670 3924; x_wconf 82' lang='lat' dir='ltr'>sint</span> <span class='ocrx_word' id='word_1_99' title='bbox 682 3874 821 3924; x_wconf 83' lang='lat' dir='ltr'>mactata“</span> <span class='ocrx_word' id='word_1_100' title='bbox 839 3871 983 3925; x_wconf 85' lang='lat' dir='ltr'>retinenda</span> <span class='ocrx_word' id='word_1_101' title='bbox 998 3885 1056 3924; x_wconf 85' lang='lat' dir='ltr'>esse</span> <span class='ocrx_word' id='word_1_102' title='bbox 1070 3876 1144 3924; x_wconf 87' lang='lat' dir='ltr'>reote</span> <span class='ocrx_word' id='word_1_103' title='bbox 1159 3870 1225 3923; x_wconf 84' lang='lat' dir='ltr'>dicit</span> <span class='ocrx_word' id='word_1_104' title='bbox 1238 3869 1351 3938; x_wconf 55' lang='lat' dir='ltr'>Polline</span> 
     </span>
     <span class='ocr_line' id='line_1_14' title="bbox 171 3951 1351 4027; baseline 0.008 -23"><span class='ocrx_word' id='word_1_105' title='bbox 171 3951 217 4019; x_wconf 89' lang='lat' dir='ltr'>qui</span> <span class='ocrx_word' id='word_1_106' title='bbox 237 3953 343 4021; x_wconf 82' lang='lat' dir='ltr'>(Philol.</span> <span class='ocrx_word' id='word_1_107' title='bbox 361 3962 382 4010; x_wconf 84' lang='lat' dir='ltr'>t.</span> <span class='ocrx_word' id='word_1_108' title='bbox 401 3957 493 4012; x_wconf 87' lang='lat' dir='ltr'>XXVI</span> <span class='ocrx_word' id='word_1_109' title='bbox 511 3976 537 4026; x_wconf 87' lang='lat' dir='ltr'>p.</span> <span class='ocrx_word' id='word_1_110' title='bbox 557 3961 620 4025; x_wconf 78' lang='lat'>297)</span> <span class='ocrx_word' id='word_1_111' title='bbox 641 3960 844 4027; x_wconf 82' lang='lat' dir='ltr'>soloecismum,</span> <span class='ocrx_word' id='word_1_112' title='bbox 870 3961 915 4027; x_wconf 86' lang='lat' dir='ltr'>qui</span> <span class='ocrx_word' id='word_1_113' title='bbox 941 3960 991 4014; x_wconf 88' lang='lat' dir='ltr'>hoo</span> <span class='ocrx_word' id='word_1_114' title='bbox 1016 3960 1074 4013; x_wconf 87' lang='lat' dir='ltr'>looo</span> <span class='ocrx_word' id='word_1_115' title='bbox 1099 3959 1252 4026; x_wconf 85' lang='lat' dir='ltr'>invenitur,</span> <span class='ocrx_word' id='word_1_116' title='bbox 1285 3959 1351 4013; x_wconf 81' lang='lat' dir='ltr'>ferri</span> 
     </span>
     <span class='ocr_line' id='line_1_15' title="bbox 170 4043 358 4110; baseline 0.016 -14"><span class='ocrx_word' id='word_1_117' title='bbox 170 4059 248 4110; x_wconf 83' lang='lat' dir='ltr'>posse</span> <span class='ocrx_word' id='word_1_118' title='bbox 271 4043 358 4099; x_wconf 84' lang='lat' dir='ltr'>docet.</span> 
     </span>
    </p>

    <p class='ocr_par' dir='ltr' id='par_1_4' title="bbox 170 4134 1352 4474">
     <span class='ocr_line' id='line_1_16' title="bbox 231 4134 1352 4207; baseline 0.004 -21"><span class='ocrx_word' id='word_1_119' title='bbox 231 4136 258 4199; x_wconf 79' lang='grc'>2)</span> <span class='ocrx_word' id='word_1_120' title='bbox 279 4134 319 4187; x_wconf 85' lang='lat' dir='ltr'>VI</span> <span class='ocrx_word' id='word_1_121' title='bbox 330 4138 377 4191; x_wconf 78' lang='lat'>131</span> <span class='ocrx_word' id='word_1_122' title='bbox 394 4137 421 4190; x_wconf 94' lang='lat' dir='ltr'>in</span> <span class='ocrx_word' id='word_1_123' title='bbox 441 4139 576 4192; x_wconf 81' lang='lat' dir='ltr'>codicibus</span> <span class='ocrx_word' id='word_1_124' title='bbox 595 4139 696 4207; x_wconf 84' lang='lat' dir='ltr'>scriptu</span> <span class='ocrx_word' id='word_1_125' title='bbox 715 4143 779 4192; x_wconf 88' lang='lat' dir='ltr'>sunt</span> <span class='ocrx_word' id='word_1_126' title='bbox 797 4139 875 4193; x_wconf 85' lang='lat' dir='ltr'>haec:</span> <span class='ocrx_word' id='word_1_127' title='bbox 911 4154 1008 4206; x_wconf 79' lang='lat' dir='ltr'>„saepe</span> <span class='ocrx_word' id='word_1_128' title='bbox 1027 4137 1066 4191; x_wconf 86' lang='lat' dir='ltr'>ita</span> <span class='ocrx_word' id='word_1_129' title='bbox 1085 4138 1132 4191; x_wconf 82' lang='lat' dir='ltr'>dat</span> <span class='ocrx_word' id='word_1_130' title='bbox 1150 4153 1262 4205; x_wconf 85' lang='lat' dir='ltr'>parvum</span> <span class='ocrx_word' id='word_1_131' title='bbox 1282 4137 1352 4191; x_wconf 88' lang='lat' dir='ltr'>soni·</span> 
     </span>
     <span class='ocr_line' id='line_1_17' title="bbox 171 4223 1351 4296; baseline 0.005 -23"><span class='ocrx_word' id='word_1_132' title='bbox 171 4226 226 4274; x_wconf 84' lang='lat' dir='ltr'>tum</span> <span class='ocrx_word' id='word_1_133' title='bbox 257 4223 374 4291; x_wconf 81' lang='lat' dir='ltr'>displosa</span> <span class='ocrx_word' id='word_1_134' title='bbox 402 4231 543 4294; x_wconf 81' lang='lat' dir='ltr'>repente“;</span> <span class='ocrx_word' id='word_1_135' title='bbox 575 4228 764 4281; x_wconf 80' lang='lat' dir='ltr'>Lachmannus</span> <span class='ocrx_word' id='word_1_136' title='bbox 792 4228 911 4296; x_wconf 72' lang='lat' dir='ltr'>scripsit:</span> <span class='ocrx_word' id='word_1_137' title='bbox 945 4243 1041 4295; x_wconf 85' lang='lat' dir='ltr'>„saepe</span> <span class='ocrx_word' id='word_1_138' title='bbox 1069 4228 1114 4282; x_wconf 88' lang='lat' dir='ltr'>det</span> <span class='ocrx_word' id='word_1_139' title='bbox 1142 4227 1210 4281; x_wconf 82' lang='lat' dir='ltr'>haut</span> <span class='ocrx_word' id='word_1_140' title='bbox 1238 4243 1351 4294; x_wconf 84' lang='lat' dir='ltr'>parvum</span> 
     </span>
     <span class='ocr_line' id='line_1_18' title="bbox 170 4312 1351 4385; baseline 0.003 -20"><span class='ocrx_word' id='word_1_141' title='bbox 170 4312 315 4366; x_wconf 86' lang='lat' dir='ltr'>sonitum“.</span> <span class='ocrx_word' id='word_1_142' title='bbox 353 4315 533 4369; x_wconf 82' lang='lat' dir='ltr'>Verisimilius</span> <span class='ocrx_word' id='word_1_143' title='bbox 552 4324 604 4384; x_wconf 84' lang='lat' dir='ltr'>est,</span> <span class='ocrx_word' id='word_1_144' title='bbox 624 4318 694 4384; x_wconf 87' lang='lat' dir='ltr'>quod</span> <span class='ocrx_word' id='word_1_145' title='bbox 714 4319 808 4371; x_wconf 86' lang='lat' dir='ltr'>Munro</span> <span class='ocrx_word' id='word_1_146' title='bbox 827 4317 979 4385; x_wconf 86' lang='lat' dir='ltr'>proposuit:</span> <span class='ocrx_word' id='word_1_147' title='bbox 999 4332 1098 4385; x_wconf 81' lang='lat' dir='ltr'>„saepe</span> <span class='ocrx_word' id='word_1_148' title='bbox 1118 4318 1157 4370; x_wconf 84' lang='lat' dir='ltr'>ita</span> <span class='ocrx_word' id='word_1_149' title='bbox 1177 4317 1225 4370; x_wconf 84' lang='lat' dir='ltr'>dat</span> <span class='ocrx_word' id='word_1_150' title='bbox 1245 4323 1351 4369; x_wconf 87' lang='lat' dir='ltr'>torvum</span> 
     </span>
     <span class='ocr_line' id='line_1_19' title="bbox 170 4403 911 4474; baseline 0.008 -20"><span class='ocrx_word' id='word_1_151' title='bbox 170 4403 317 4469; x_wconf 87' lang='lat' dir='ltr'>sonitum“,</span> <span class='ocrx_word' id='word_1_152' title='bbox 337 4404 382 4457; x_wconf 84' lang='lat' dir='ltr'>seri</span> <span class='ocrx_word' id='word_1_153' title='bbox 402 4420 450 4471; x_wconf 90' lang='lat' dir='ltr'>pro</span> <span class='ocrx_word' id='word_1_154' title='bbox 470 4406 552 4471; x_wconf 81' lang='lat' dir='ltr'>‚‚dat“</span> <span class='ocrx_word' id='word_1_155' title='bbox 573 4407 743 4461; x_wconf 83' lang='lat' dir='ltr'>scribendum</span> <span class='ocrx_word' id='word_1_156' title='bbox 762 4412 804 4461; x_wconf 86' lang='lat' dir='ltr'>est</span> <span class='ocrx_word' id='word_1_157' title='bbox 822 4409 911 4474; x_wconf 85' lang='lat' dir='ltr'>,‚det“.</span> 
     </span>
    </p>
   </div>
   <div class='ocr_carea' id='block_1_4' title="bbox 0 0 1614 5024">
    <p class='ocr_par' dir='ltr' id='par_1_5' title="bbox 0 0 1614 5024">
     <span class='ocr_line' id='line_1_20' title="bbox 0 0 1614 5024; baseline 0 0"><span class='ocrx_word' id='word_1_158' title='bbox 0 0 1614 5024; x_wconf 95' lang='lat' dir='ltr'> </span> 
     </span>
    </p>
   </div>
  </div>
 </body>
</html>
